%YAML 1.1
%TAG !u! tag:unity3d.com,2011:
--- !u!1 &224609561
GameObject:
  m_ObjectHideFlags: 0
  m_CorrespondingSourceObject: {fileID: 0}
  m_PrefabInstance: {fileID: 0}
  m_PrefabAsset: {fileID: 0}
  serializedVersion: 6
  m_Component:
  - component: {fileID: 224609562}
  - component: {fileID: 224609564}
  - component: {fileID: 224609563}
  m_Layer: 5
  m_Name: Open Sprite Shape
  m_TagString: Untagged
  m_Icon: {fileID: 0}
  m_NavMeshLayer: 0
  m_StaticEditorFlags: 0
  m_IsActive: 0
--- !u!224 &224609562
RectTransform:
  m_ObjectHideFlags: 0
  m_CorrespondingSourceObject: {fileID: 0}
  m_PrefabInstance: {fileID: 0}
  m_PrefabAsset: {fileID: 0}
  m_GameObject: {fileID: 224609561}
  m_LocalRotation: {x: 0, y: 0, z: 0, w: 1}
  m_LocalPosition: {x: 0, y: 0, z: -19474.715}
  m_LocalScale: {x: 62.08283, y: 62.08283, z: 62.08283}
  m_ConstrainProportionsScale: 0
  m_Children: []
  m_Father: {fileID: 8864930112647594335}
  m_RootOrder: 3
  m_LocalEulerAnglesHint: {x: 0, y: 0, z: 0}
  m_AnchorMin: {x: 0.5, y: 0.5}
  m_AnchorMax: {x: 0.5, y: 0.5}
  m_AnchoredPosition: {x: 0, y: 0}
  m_SizeDelta: {x: 100, y: 100}
  m_Pivot: {x: 0.5, y: 0.5}
--- !u!1971053207 &224609564
SpriteShapeRenderer:
  m_ObjectHideFlags: 0
  m_CorrespondingSourceObject: {fileID: 0}
  m_PrefabInstance: {fileID: 0}
  m_PrefabAsset: {fileID: 0}
  m_GameObject: {fileID: 224609561}
  m_Enabled: 1
  m_CastShadows: 1
  m_ReceiveShadows: 1
  m_DynamicOccludee: 0
  m_StaticShadowCaster: 0
  m_MotionVectors: 1
  m_LightProbeUsage: 1
  m_ReflectionProbeUsage: 1
  m_RayTracingMode: 0
  m_RayTraceProcedural: 0
  m_RenderingLayerMask: 1
  m_RendererPriority: 0
  m_Materials:
  - {fileID: 10754, guid: 0000000000000000f000000000000000, type: 0}
  - {fileID: 10754, guid: 0000000000000000f000000000000000, type: 0}
  m_StaticBatchInfo:
    firstSubMesh: 0
    subMeshCount: 0
  m_StaticBatchRoot: {fileID: 0}
  m_ProbeAnchor: {fileID: 0}
  m_LightProbeVolumeOverride: {fileID: 0}
  m_ScaleInLightmap: 1
  m_ReceiveGI: 1
  m_PreserveUVs: 0
  m_IgnoreNormalsForChartDetection: 0
  m_ImportantGI: 0
  m_StitchLightmapSeams: 1
  m_SelectedEditorRenderState: 0
  m_MinimumChartSize: 4
  m_AutoUVMaxDistance: 0.5
  m_AutoUVMaxAngle: 89
  m_LightmapParameters: {fileID: 0}
  m_SortingLayerID: 0
  m_SortingLayer: 0
  m_SortingOrder: 0
  m_Color: {r: 1, g: 1, b: 1, a: 1}
  m_MaskInteraction: 0
  m_ShapeTexture: {fileID: 2800000, guid: b281b91a70a624a0da1c43adc1c30c7b, type: 3}
  m_Sprites:
  - {fileID: 21300000, guid: 0ae2b74b1edd14bb18dd7b65ae916a54, type: 3}
  - {fileID: 21300000, guid: 608e61deb05c54660bebf5a4dd2ee02d, type: 3}
  - {fileID: 21300000, guid: 608e61deb05c54660bebf5a4dd2ee02d, type: 3}
  - {fileID: 21300000, guid: 608e61deb05c54660bebf5a4dd2ee02d, type: 3}
  - {fileID: 21300000, guid: 608e61deb05c54660bebf5a4dd2ee02d, type: 3}
  - {fileID: 21300000, guid: 608e61deb05c54660bebf5a4dd2ee02d, type: 3}
  - {fileID: 21300000, guid: 608e61deb05c54660bebf5a4dd2ee02d, type: 3}
  - {fileID: 21300000, guid: 608e61deb05c54660bebf5a4dd2ee02d, type: 3}
  - {fileID: 21300000, guid: 608e61deb05c54660bebf5a4dd2ee02d, type: 3}
  m_LocalAABB:
    m_Center: {x: -1.3045702, y: -0.18808651, z: 0}
    m_Extent: {x: 4.314109, y: 7.93285, z: 0}
--- !u!114 &224609563
MonoBehaviour:
  m_ObjectHideFlags: 0
  m_CorrespondingSourceObject: {fileID: 0}
  m_PrefabInstance: {fileID: 0}
  m_PrefabAsset: {fileID: 0}
  m_GameObject: {fileID: 224609561}
  m_Enabled: 1
  m_EditorHideFlags: 0
  m_Script: {fileID: 11500000, guid: 90539df1cd5704abcb25fec9f3f5f84b, type: 3}
  m_Name: 
  m_EditorClassIdentifier: 
  m_Spline:
    m_IsOpenEnded: 1
    m_ControlPoints:
    - position: {x: -0.64605254, y: -7.800339, z: 0}
      leftTangent: {x: 1.1740073, y: -0.6690726, z: 0}
      rightTangent: {x: -1.0697947, y: 0.6096778, z: 0}
      mode: 1
      height: 1
      bevelCutoff: 0
      bevelSize: 0
      spriteIndex: 0
      corner: 1
      m_CornerMode: 1
    - position: {x: -5.3697886, y: -5.628143, z: 0}
      leftTangent: {x: -0.2365408, y: -1.6518388, z: 0}
      rightTangent: {x: 0.32352638, y: 2.2592895, z: 0}
      mode: 1
      height: 1
      bevelCutoff: 0
      bevelSize: 0
      spriteIndex: 0
      corner: 1
      m_CornerMode: 1
    - position: {x: 2.761223, y: -0.37278557, z: 0}
      leftTangent: {x: -0.22191286, y: -1.88498, z: 0}
      rightTangent: {x: 0.26139808, y: 2.220375, z: 0}
      mode: 1
      height: 1
      bevelCutoff: 0
      bevelSize: 0
      spriteIndex: 0
      corner: 1
      m_CornerMode: 1
    - position: {x: -5.0458694, y: 4.6285286, z: 0}
      leftTangent: {x: -0.09084368, y: -1.7402837, z: 0}
      rightTangent: {x: 0.08944607, y: 1.7134819, z: 0}
      mode: 1
      height: 1
      bevelCutoff: 0
      bevelSize: 0
      spriteIndex: 0
      corner: 1
      m_CornerMode: 1
    - position: {x: -0.14424182, y: 7.478041, z: 0}
      leftTangent: {x: 0.1831124, y: -2.6558948, z: 0}
      rightTangent: {x: -0.063413635, y: 0.9197631, z: 0}
      mode: 1
      height: 1
      bevelCutoff: 0
      bevelSize: 0
      spriteIndex: 0
      corner: 1
      m_CornerMode: 1
  m_SpriteShape: {fileID: 11400000, guid: c90a71cb1340e7b45b70e9dc3a3e1ce2, type: 2}
  m_FillPixelPerUnit: 256
  m_StretchTiling: 1
  m_SplineDetail: 16
  m_AdaptiveUV: 1
  m_StretchUV: 0
  m_WorldSpaceUV: 0
  m_CornerAngleThreshold: 30
  m_ColliderDetail: 16
  m_ColliderOffset: 0
  m_UpdateCollider: 1
  m_OptimizeCollider: 1
  m_OptimizeGeometry: 1
  m_EnableTangents: 0
  m_GeometryCached: 0
  m_UTess2D: 0
--- !u!1 &136934664011388353
GameObject:
  m_ObjectHideFlags: 0
  m_CorrespondingSourceObject: {fileID: 0}
  m_PrefabInstance: {fileID: 0}
  m_PrefabAsset: {fileID: 0}
  serializedVersion: 6
  m_Component:
  - component: {fileID: 4999266252413254430}
  - component: {fileID: 7642056495490888057}
  - component: {fileID: 3084485484160901037}
  m_Layer: 9
  m_Name: LineController
  m_TagString: ListLineInScene
  m_Icon: {fileID: 0}
  m_NavMeshLayer: 0
  m_StaticEditorFlags: 0
  m_IsActive: 1
--- !u!4 &4999266252413254430
Transform:
  m_ObjectHideFlags: 0
  m_CorrespondingSourceObject: {fileID: 0}
  m_PrefabInstance: {fileID: 0}
  m_PrefabAsset: {fileID: 0}
  m_GameObject: {fileID: 136934664011388353}
  m_LocalRotation: {x: -0, y: -0, z: -0, w: 1}
  m_LocalPosition: {x: 0, y: 0, z: 0}
  m_LocalScale: {x: 1, y: 1, z: 1}
  m_ConstrainProportionsScale: 0
  m_Children:
  - {fileID: 8281763121742676301}
  m_Father: {fileID: 4663911242100009374}
  m_RootOrder: 1
  m_LocalEulerAnglesHint: {x: 0, y: 0, z: 0}
--- !u!120 &7642056495490888057
LineRenderer:
  m_ObjectHideFlags: 0
  m_CorrespondingSourceObject: {fileID: 0}
  m_PrefabInstance: {fileID: 0}
  m_PrefabAsset: {fileID: 0}
  m_GameObject: {fileID: 136934664011388353}
  m_Enabled: 0
  m_CastShadows: 0
  m_ReceiveShadows: 0
  m_DynamicOccludee: 1
  m_StaticShadowCaster: 0
  m_MotionVectors: 0
  m_LightProbeUsage: 0
  m_ReflectionProbeUsage: 0
  m_RayTracingMode: 0
  m_RayTraceProcedural: 0
  m_RenderingLayerMask: 1
  m_RendererPriority: 0
  m_Materials:
  - {fileID: 10754, guid: 0000000000000000f000000000000000, type: 0}
  m_StaticBatchInfo:
    firstSubMesh: 0
    subMeshCount: 0
  m_StaticBatchRoot: {fileID: 0}
  m_ProbeAnchor: {fileID: 0}
  m_LightProbeVolumeOverride: {fileID: 0}
  m_ScaleInLightmap: 1
  m_ReceiveGI: 1
  m_PreserveUVs: 0
  m_IgnoreNormalsForChartDetection: 0
  m_ImportantGI: 0
  m_StitchLightmapSeams: 1
  m_SelectedEditorRenderState: 3
  m_MinimumChartSize: 4
  m_AutoUVMaxDistance: 0.5
  m_AutoUVMaxAngle: 89
  m_LightmapParameters: {fileID: 0}
  m_SortingLayerID: 41676769
  m_SortingLayer: 0
  m_SortingOrder: 10
  m_Positions: []
  m_Parameters:
    serializedVersion: 3
    widthMultiplier: 0.2
    widthCurve:
      serializedVersion: 2
      m_Curve:
      - serializedVersion: 3
        time: 0
        value: 0.76699066
        inSlope: 0
        outSlope: 0
        tangentMode: 0
        weightedMode: 0
        inWeight: 0.33333334
        outWeight: 0.33333334
      m_PreInfinity: 2
      m_PostInfinity: 2
      m_RotationOrder: 4
    colorGradient:
      serializedVersion: 2
      key0: {r: 0, g: 0, b: 0, a: 1}
      key1: {r: 0.012931035, g: 0.012931035, b: 0.012931035, a: 1}
      key2: {r: 1, g: 0.59138703, b: 0, a: 0}
      key3: {r: 0, g: 1, b: 0.1661036, a: 0}
      key4: {r: 0, g: 0.6507757, b: 1, a: 0}
      key5: {r: 0.40572405, g: 0, b: 1, a: 0}
      key6: {r: 0.8485966, g: 0, b: 1, a: 0}
      key7: {r: 0, g: 0, b: 0, a: 0}
      ctime0: 0
      ctime1: 65535
      ctime2: 21758
      ctime3: 32636
      ctime4: 43515
      ctime5: 54394
      ctime6: 65535
      ctime7: 0
      atime0: 0
      atime1: 65535
      atime2: 0
      atime3: 0
      atime4: 0
      atime5: 0
      atime6: 0
      atime7: 0
      m_Mode: 0
      m_NumColorKeys: 2
      m_NumAlphaKeys: 2
    numCornerVertices: 90
    numCapVertices: 90
    alignment: 1
    textureMode: 0
    shadowBias: 0
    generateLightingData: 0
  m_UseWorldSpace: 0
  m_Loop: 1
--- !u!114 &3084485484160901037
MonoBehaviour:
  m_ObjectHideFlags: 0
  m_CorrespondingSourceObject: {fileID: 0}
  m_PrefabInstance: {fileID: 0}
  m_PrefabAsset: {fileID: 0}
  m_GameObject: {fileID: 136934664011388353}
  m_Enabled: 1
  m_EditorHideFlags: 0
  m_Script: {fileID: 11500000, guid: 300ea75868f76694686a78af8ccdd49a, type: 3}
  m_Name: 
  m_EditorClassIdentifier: 
  lineRenderer: {fileID: 7642056495490888057}
  points: []
  pointsCount: 0
--- !u!1 &1288649079806759289
GameObject:
  m_ObjectHideFlags: 0
  m_CorrespondingSourceObject: {fileID: 0}
  m_PrefabInstance: {fileID: 0}
  m_PrefabAsset: {fileID: 0}
  serializedVersion: 6
  m_Component:
  - component: {fileID: 4663911242100009374}
  - component: {fileID: 8154956890941514384}
  - component: {fileID: 8057108422722323345}
  - component: {fileID: 3264025298546274618}
  m_Layer: 5
  m_Name: LEVEL_02
  m_TagString: Untagged
  m_Icon: {fileID: 0}
  m_NavMeshLayer: 0
  m_StaticEditorFlags: 0
  m_IsActive: 1
--- !u!224 &4663911242100009374
RectTransform:
  m_ObjectHideFlags: 0
  m_CorrespondingSourceObject: {fileID: 0}
  m_PrefabInstance: {fileID: 0}
  m_PrefabAsset: {fileID: 0}
  m_GameObject: {fileID: 1288649079806759289}
  m_LocalRotation: {x: 0, y: 0, z: 0, w: 1}
  m_LocalPosition: {x: 0, y: 0, z: 0}
  m_LocalScale: {x: 1, y: 1, z: 1}
  m_ConstrainProportionsScale: 0
  m_Children:
  - {fileID: 2233016158408211608}
  - {fileID: 4999266252413254430}
  - {fileID: 1008856027396118250}
  - {fileID: 8864930112647594335}
  m_Father: {fileID: 0}
  m_RootOrder: 0
  m_LocalEulerAnglesHint: {x: 0, y: 0, z: 0}
  m_AnchorMin: {x: 0, y: 0}
  m_AnchorMax: {x: 1, y: 1}
  m_AnchoredPosition: {x: 0, y: 0}
  m_SizeDelta: {x: 0, y: 0}
  m_Pivot: {x: 0.5, y: 0.5}
--- !u!222 &8154956890941514384
CanvasRenderer:
  m_ObjectHideFlags: 0
  m_CorrespondingSourceObject: {fileID: 0}
  m_PrefabInstance: {fileID: 0}
  m_PrefabAsset: {fileID: 0}
  m_GameObject: {fileID: 1288649079806759289}
  m_CullTransparentMesh: 1
--- !u!114 &8057108422722323345
MonoBehaviour:
  m_ObjectHideFlags: 0
  m_CorrespondingSourceObject: {fileID: 0}
  m_PrefabInstance: {fileID: 0}
  m_PrefabAsset: {fileID: 0}
  m_GameObject: {fileID: 1288649079806759289}
  m_Enabled: 1
  m_EditorHideFlags: 0
  m_Script: {fileID: 11500000, guid: fe87c0e1cc204ed48ad3b37840f39efc, type: 3}
  m_Name: 
  m_EditorClassIdentifier: 
  m_Material: {fileID: 0}
  m_Color: {r: 1, g: 1, b: 1, a: 1}
  m_RaycastTarget: 1
  m_RaycastPadding: {x: 0, y: 0, z: 0, w: 0}
  m_Maskable: 1
  m_OnCullStateChanged:
    m_PersistentCalls:
      m_Calls: []
  m_Sprite: {fileID: 10905, guid: 0000000000000000f000000000000000, type: 0}
  m_Type: 1
  m_PreserveAspect: 0
  m_FillCenter: 1
  m_FillMethod: 4
  m_FillAmount: 1
  m_FillClockwise: 1
  m_FillOrigin: 0
  m_UseSpriteMesh: 0
  m_PixelsPerUnitMultiplier: 1
--- !u!114 &3264025298546274618
MonoBehaviour:
  m_ObjectHideFlags: 0
  m_CorrespondingSourceObject: {fileID: 0}
  m_PrefabInstance: {fileID: 0}
  m_PrefabAsset: {fileID: 0}
  m_GameObject: {fileID: 1288649079806759289}
  m_Enabled: 1
  m_EditorHideFlags: 0
  m_Script: {fileID: 11500000, guid: 10dfdf1a9e53dc24e9175ea4ee5f373b, type: 3}
  m_Name: 
  m_EditorClassIdentifier: 
  HintLine: {fileID: 224609561}
--- !u!1 &1911405530674933874
GameObject:
  m_ObjectHideFlags: 0
  m_CorrespondingSourceObject: {fileID: 0}
  m_PrefabInstance: {fileID: 0}
  m_PrefabAsset: {fileID: 0}
  serializedVersion: 6
  m_Component:
  - component: {fileID: 3894683866468619811}
  - component: {fileID: 6489197285944943263}
  m_Layer: 0
  m_Name: GameObject
  m_TagString: LineCat
  m_Icon: {fileID: 0}
  m_NavMeshLayer: 0
  m_StaticEditorFlags: 0
  m_IsActive: 1
--- !u!4 &3894683866468619811
Transform:
  m_ObjectHideFlags: 0
  m_CorrespondingSourceObject: {fileID: 0}
  m_PrefabInstance: {fileID: 0}
  m_PrefabAsset: {fileID: 0}
  m_GameObject: {fileID: 1911405530674933874}
  m_LocalRotation: {x: -0, y: -0, z: -0, w: 1}
  m_LocalPosition: {x: 0, y: 0, z: 0}
  m_LocalScale: {x: 1, y: 1, z: 1}
  m_ConstrainProportionsScale: 0
  m_Children: []
  m_Father: {fileID: 1008856027396118250}
  m_RootOrder: 0
  m_LocalEulerAnglesHint: {x: 0, y: 0, z: 0}
--- !u!120 &6489197285944943263
LineRenderer:
  m_ObjectHideFlags: 0
  m_CorrespondingSourceObject: {fileID: 0}
  m_PrefabInstance: {fileID: 0}
  m_PrefabAsset: {fileID: 0}
  m_GameObject: {fileID: 1911405530674933874}
  m_Enabled: 1
  m_CastShadows: 0
  m_ReceiveShadows: 0
  m_DynamicOccludee: 1
  m_StaticShadowCaster: 0
  m_MotionVectors: 0
  m_LightProbeUsage: 0
  m_ReflectionProbeUsage: 0
  m_RayTracingMode: 0
  m_RayTraceProcedural: 0
  m_RenderingLayerMask: 1
  m_RendererPriority: 0
  m_Materials:
  - {fileID: 10754, guid: 0000000000000000f000000000000000, type: 0}
  m_StaticBatchInfo:
    firstSubMesh: 0
    subMeshCount: 0
  m_StaticBatchRoot: {fileID: 0}
  m_ProbeAnchor: {fileID: 0}
  m_LightProbeVolumeOverride: {fileID: 0}
  m_ScaleInLightmap: 1
  m_ReceiveGI: 1
  m_PreserveUVs: 0
  m_IgnoreNormalsForChartDetection: 0
  m_ImportantGI: 0
  m_StitchLightmapSeams: 1
  m_SelectedEditorRenderState: 3
  m_MinimumChartSize: 4
  m_AutoUVMaxDistance: 0.5
  m_AutoUVMaxAngle: 89
  m_LightmapParameters: {fileID: 0}
  m_SortingLayerID: 41676769
  m_SortingLayer: 0
  m_SortingOrder: 10
  m_Positions: []
  m_Parameters:
    serializedVersion: 3
    widthMultiplier: 1
    widthCurve:
      serializedVersion: 2
      m_Curve:
      - serializedVersion: 3
        time: 0
        value: 1
        inSlope: 0
        outSlope: 0
        tangentMode: 0
        weightedMode: 0
        inWeight: 0.33333334
        outWeight: 0.33333334
      m_PreInfinity: 2
      m_PostInfinity: 2
      m_RotationOrder: 4
    colorGradient:
      serializedVersion: 2
      key0: {r: 1, g: 0, b: 0, a: 1}
      key1: {r: 1, g: 0, b: 0, a: 1}
      key2: {r: 0, g: 0, b: 0, a: 0}
      key3: {r: 0, g: 0, b: 0, a: 0}
      key4: {r: 0, g: 0, b: 0, a: 0}
      key5: {r: 0, g: 0, b: 0, a: 0}
      key6: {r: 0, g: 0, b: 0, a: 0}
      key7: {r: 0, g: 0, b: 0, a: 0}
      ctime0: 0
      ctime1: 65535
      ctime2: 0
      ctime3: 0
      ctime4: 0
      ctime5: 0
      ctime6: 0
      ctime7: 0
      atime0: 0
      atime1: 65535
      atime2: 0
      atime3: 0
      atime4: 0
      atime5: 0
      atime6: 0
      atime7: 0
      m_Mode: 0
      m_NumColorKeys: 2
      m_NumAlphaKeys: 2
    numCornerVertices: 90
    numCapVertices: 90
    alignment: 0
    textureMode: 0
    shadowBias: 0.5
    generateLightingData: 0
  m_UseWorldSpace: 1
  m_Loop: 0
--- !u!1 &2143832940655519865
GameObject:
  m_ObjectHideFlags: 0
  m_CorrespondingSourceObject: {fileID: 0}
  m_PrefabInstance: {fileID: 0}
  m_PrefabAsset: {fileID: 0}
  serializedVersion: 6
  m_Component:
  - component: {fileID: 2233016158408211608}
  - component: {fileID: 7862057531316437009}
  m_Layer: 5
  m_Name: lineDrawer
  m_TagString: Untagged
  m_Icon: {fileID: 0}
  m_NavMeshLayer: 0
  m_StaticEditorFlags: 0
  m_IsActive: 1
--- !u!224 &2233016158408211608
RectTransform:
  m_ObjectHideFlags: 0
  m_CorrespondingSourceObject: {fileID: 0}
  m_PrefabInstance: {fileID: 0}
  m_PrefabAsset: {fileID: 0}
  m_GameObject: {fileID: 2143832940655519865}
  m_LocalRotation: {x: -0, y: -0, z: -0, w: 1}
  m_LocalPosition: {x: 0, y: 0, z: 0}
  m_LocalScale: {x: 1, y: 1, z: 1}
  m_ConstrainProportionsScale: 0
  m_Children: []
  m_Father: {fileID: 4663911242100009374}
  m_RootOrder: 0
  m_LocalEulerAnglesHint: {x: 0, y: 0, z: 0}
  m_AnchorMin: {x: 0.5, y: 0.5}
  m_AnchorMax: {x: 0.5, y: 0.5}
  m_AnchoredPosition: {x: 0, y: 0}
  m_SizeDelta: {x: 100, y: 100}
  m_Pivot: {x: 0.5, y: 0.5}
--- !u!114 &7862057531316437009
MonoBehaviour:
  m_ObjectHideFlags: 0
  m_CorrespondingSourceObject: {fileID: 0}
  m_PrefabInstance: {fileID: 0}
  m_PrefabAsset: {fileID: 0}
  m_GameObject: {fileID: 2143832940655519865}
  m_Enabled: 1
  m_EditorHideFlags: 0
  m_Script: {fileID: 11500000, guid: ea218c785da10fe4ba47659902106145, type: 3}
  m_Name: 
  m_EditorClassIdentifier: 
  lineMousePrefabs: {fileID: 1576317030557830, guid: d489242030c18584caa5c64bba0a6082, type: 3}
  WarninglinePrefabs: {fileID: 3316552271930245980}
  lineColor:
    serializedVersion: 2
    key0: {r: 0, g: 0, b: 0, a: 1}
    key1: {r: 0.012931035, g: 0.012931035, b: 0.012931035, a: 1}
    key2: {r: 0, g: 0, b: 0, a: 0}
    key3: {r: 0, g: 0, b: 0, a: 0}
    key4: {r: 0, g: 0, b: 0, a: 0}
    key5: {r: 0, g: 0, b: 0, a: 0}
    key6: {r: 0, g: 0, b: 0, a: 0}
    key7: {r: 0, g: 0, b: 0, a: 0}
    ctime0: 0
    ctime1: 65535
    ctime2: 0
    ctime3: 0
    ctime4: 0
    ctime5: 0
    ctime6: 0
    ctime7: 0
    atime0: 0
    atime1: 65535
    atime2: 0
    atime3: 0
    atime4: 0
    atime5: 0
    atime6: 0
    atime7: 0
    m_Mode: 0
    m_NumColorKeys: 2
    m_NumAlphaKeys: 2
  linePointsMinDistance: 0.1
  lineWidth: 0.1
  lineMaxLength: 90
  PlayerColliders:
  - {fileID: 5044898911256055785}
  EndCollider:
  - {fileID: 272911598263208244}
  CheckColliderRadius: 0
  cantDrawOverLayer:
    serializedVersion: 2
    m_Bits: 8
  warningLine: {fileID: 6489197285944943263}
  LineController: {fileID: 4999266252413254430}
  tempLines: []
--- !u!1 &3316552271930245980
GameObject:
  m_ObjectHideFlags: 0
  m_CorrespondingSourceObject: {fileID: 0}
  m_PrefabInstance: {fileID: 0}
  m_PrefabAsset: {fileID: 0}
  serializedVersion: 6
  m_Component:
  - component: {fileID: 1008856027396118250}
  - component: {fileID: 3350116952394127150}
  - component: {fileID: 1756893564517893990}
  m_Layer: 9
  m_Name: WarningLine
  m_TagString: LineCat
  m_Icon: {fileID: 0}
  m_NavMeshLayer: 0
  m_StaticEditorFlags: 0
  m_IsActive: 1
--- !u!4 &1008856027396118250
Transform:
  m_ObjectHideFlags: 0
  m_CorrespondingSourceObject: {fileID: 0}
  m_PrefabInstance: {fileID: 0}
  m_PrefabAsset: {fileID: 0}
  m_GameObject: {fileID: 3316552271930245980}
  m_LocalRotation: {x: -0, y: -0, z: -0, w: 1}
  m_LocalPosition: {x: 0, y: 0, z: 0}
  m_LocalScale: {x: 1, y: 1, z: 1}
  m_ConstrainProportionsScale: 0
  m_Children:
  - {fileID: 3894683866468619811}
  m_Father: {fileID: 4663911242100009374}
  m_RootOrder: 2
  m_LocalEulerAnglesHint: {x: 0, y: 0, z: 0}
--- !u!120 &3350116952394127150
LineRenderer:
  m_ObjectHideFlags: 0
  m_CorrespondingSourceObject: {fileID: 0}
  m_PrefabInstance: {fileID: 0}
  m_PrefabAsset: {fileID: 0}
  m_GameObject: {fileID: 3316552271930245980}
  m_Enabled: 0
  m_CastShadows: 0
  m_ReceiveShadows: 0
  m_DynamicOccludee: 1
  m_StaticShadowCaster: 0
  m_MotionVectors: 0
  m_LightProbeUsage: 0
  m_ReflectionProbeUsage: 0
  m_RayTracingMode: 0
  m_RayTraceProcedural: 0
  m_RenderingLayerMask: 1
  m_RendererPriority: 0
  m_Materials:
  - {fileID: 10754, guid: 0000000000000000f000000000000000, type: 0}
  m_StaticBatchInfo:
    firstSubMesh: 0
    subMeshCount: 0
  m_StaticBatchRoot: {fileID: 0}
  m_ProbeAnchor: {fileID: 0}
  m_LightProbeVolumeOverride: {fileID: 0}
  m_ScaleInLightmap: 1
  m_ReceiveGI: 1
  m_PreserveUVs: 0
  m_IgnoreNormalsForChartDetection: 0
  m_ImportantGI: 0
  m_StitchLightmapSeams: 1
  m_SelectedEditorRenderState: 3
  m_MinimumChartSize: 4
  m_AutoUVMaxDistance: 0.5
  m_AutoUVMaxAngle: 89
  m_LightmapParameters: {fileID: 0}
  m_SortingLayerID: 41676769
  m_SortingLayer: 0
  m_SortingOrder: 10
  m_Positions: []
  m_Parameters:
    serializedVersion: 3
    widthMultiplier: 0.2
    widthCurve:
      serializedVersion: 2
      m_Curve:
      - serializedVersion: 3
        time: 0
        value: 0.76699066
        inSlope: 0
        outSlope: 0
        tangentMode: 0
        weightedMode: 0
        inWeight: 0.33333334
        outWeight: 0.33333334
      m_PreInfinity: 2
      m_PostInfinity: 2
      m_RotationOrder: 4
    colorGradient:
      serializedVersion: 2
      key0: {r: 0, g: 0, b: 0, a: 1}
      key1: {r: 0.012931035, g: 0.012931035, b: 0.012931035, a: 1}
      key2: {r: 1, g: 1, b: 1, a: 0}
      key3: {r: 0, g: 0, b: 0, a: 0}
      key4: {r: 0, g: 0, b: 0, a: 0}
      key5: {r: 0, g: 0, b: 0, a: 0}
      key6: {r: 0, g: 0, b: 0, a: 0}
      key7: {r: 0, g: 0, b: 0, a: 0}
      ctime0: 0
      ctime1: 65535
      ctime2: 65535
      ctime3: 0
      ctime4: 0
      ctime5: 0
      ctime6: 0
      ctime7: 0
      atime0: 0
      atime1: 65535
      atime2: 0
      atime3: 0
      atime4: 0
      atime5: 0
      atime6: 0
      atime7: 0
      m_Mode: 0
      m_NumColorKeys: 2
      m_NumAlphaKeys: 2
    numCornerVertices: 90
    numCapVertices: 90
    alignment: 1
    textureMode: 0
    shadowBias: 0
    generateLightingData: 0
  m_UseWorldSpace: 0
  m_Loop: 1
--- !u!114 &1756893564517893990
MonoBehaviour:
  m_ObjectHideFlags: 0
  m_CorrespondingSourceObject: {fileID: 0}
  m_PrefabInstance: {fileID: 0}
  m_PrefabAsset: {fileID: 0}
  m_GameObject: {fileID: 3316552271930245980}
  m_Enabled: 1
  m_EditorHideFlags: 0
  m_Script: {fileID: 11500000, guid: 300ea75868f76694686a78af8ccdd49a, type: 3}
  m_Name: 
  m_EditorClassIdentifier: 
  lineRenderer: {fileID: 3350116952394127150}
  points: []
  pointsCount: 0
--- !u!1 &3619582768474282372
GameObject:
  m_ObjectHideFlags: 0
  m_CorrespondingSourceObject: {fileID: 0}
  m_PrefabInstance: {fileID: 0}
  m_PrefabAsset: {fileID: 0}
  serializedVersion: 6
  m_Component:
  - component: {fileID: 8281763121742676301}
  - component: {fileID: 5840632872975876091}
  m_Layer: 0
  m_Name: GameObject
  m_TagString: LineMouse
  m_Icon: {fileID: 0}
  m_NavMeshLayer: 0
  m_StaticEditorFlags: 0
  m_IsActive: 1
--- !u!4 &8281763121742676301
Transform:
  m_ObjectHideFlags: 0
  m_CorrespondingSourceObject: {fileID: 0}
  m_PrefabInstance: {fileID: 0}
  m_PrefabAsset: {fileID: 0}
  m_GameObject: {fileID: 3619582768474282372}
  m_LocalRotation: {x: -0, y: -0, z: -0, w: 1}
  m_LocalPosition: {x: 0, y: 0, z: 0}
  m_LocalScale: {x: 1, y: 1, z: 1}
  m_ConstrainProportionsScale: 0
  m_Children: []
  m_Father: {fileID: 4999266252413254430}
  m_RootOrder: 0
  m_LocalEulerAnglesHint: {x: 0, y: 0, z: 0}
--- !u!120 &5840632872975876091
LineRenderer:
  m_ObjectHideFlags: 0
  m_CorrespondingSourceObject: {fileID: 0}
  m_PrefabInstance: {fileID: 0}
  m_PrefabAsset: {fileID: 0}
  m_GameObject: {fileID: 3619582768474282372}
  m_Enabled: 1
  m_CastShadows: 0
  m_ReceiveShadows: 0
  m_DynamicOccludee: 1
  m_StaticShadowCaster: 0
  m_MotionVectors: 0
  m_LightProbeUsage: 0
  m_ReflectionProbeUsage: 0
  m_RayTracingMode: 0
  m_RayTraceProcedural: 0
  m_RenderingLayerMask: 1
  m_RendererPriority: 0
  m_Materials:
  - {fileID: 10754, guid: 0000000000000000f000000000000000, type: 0}
  m_StaticBatchInfo:
    firstSubMesh: 0
    subMeshCount: 0
  m_StaticBatchRoot: {fileID: 0}
  m_ProbeAnchor: {fileID: 0}
  m_LightProbeVolumeOverride: {fileID: 0}
  m_ScaleInLightmap: 1
  m_ReceiveGI: 1
  m_PreserveUVs: 0
  m_IgnoreNormalsForChartDetection: 0
  m_ImportantGI: 0
  m_StitchLightmapSeams: 1
  m_SelectedEditorRenderState: 3
  m_MinimumChartSize: 4
  m_AutoUVMaxDistance: 0.5
  m_AutoUVMaxAngle: 89
  m_LightmapParameters: {fileID: 0}
  m_SortingLayerID: 41676769
  m_SortingLayer: 0
  m_SortingOrder: 10
  m_Positions: []
  m_Parameters:
    serializedVersion: 3
    widthMultiplier: 1
    widthCurve:
      serializedVersion: 2
      m_Curve:
      - serializedVersion: 3
        time: 0
        value: 1
        inSlope: 0
        outSlope: 0
        tangentMode: 0
        weightedMode: 0
        inWeight: 0.33333334
        outWeight: 0.33333334
      m_PreInfinity: 2
      m_PostInfinity: 2
      m_RotationOrder: 4
    colorGradient:
      serializedVersion: 2
      key0: {r: 1, g: 0.6236605, b: 0, a: 1}
      key1: {r: 1, g: 0.6236605, b: 0, a: 1}
      key2: {r: 1, g: 0.59138703, b: 0, a: 0}
      key3: {r: 0, g: 1, b: 0.1661036, a: 0}
      key4: {r: 0, g: 0.6507757, b: 1, a: 0}
      key5: {r: 0.40572405, g: 0, b: 1, a: 0}
      key6: {r: 0.8485966, g: 0, b: 1, a: 0}
      key7: {r: 0, g: 0, b: 0, a: 0}
      ctime0: 0
      ctime1: 65535
      ctime2: 21758
      ctime3: 32636
      ctime4: 43515
      ctime5: 54394
      ctime6: 65535
      ctime7: 0
      atime0: 0
      atime1: 65535
      atime2: 0
      atime3: 0
      atime4: 0
      atime5: 0
      atime6: 0
      atime7: 0
      m_Mode: 1
      m_NumColorKeys: 2
      m_NumAlphaKeys: 2
    numCornerVertices: 90
    numCapVertices: 90
    alignment: 0
    textureMode: 0
    shadowBias: 0.5
    generateLightingData: 0
  m_UseWorldSpace: 1
  m_Loop: 0
--- !u!1 &8864930112647594334
GameObject:
  m_ObjectHideFlags: 0
  m_CorrespondingSourceObject: {fileID: 0}
  m_PrefabInstance: {fileID: 0}
  m_PrefabAsset: {fileID: 0}
  serializedVersion: 6
  m_Component:
  - component: {fileID: 8864930112647594335}
  - component: {fileID: 8864930112647594333}
  m_Layer: 5
  m_Name: GamePlay
  m_TagString: Untagged
  m_Icon: {fileID: 0}
  m_NavMeshLayer: 0
  m_StaticEditorFlags: 0
  m_IsActive: 1
--- !u!224 &8864930112647594335
RectTransform:
  m_ObjectHideFlags: 0
  m_CorrespondingSourceObject: {fileID: 0}
  m_PrefabInstance: {fileID: 0}
  m_PrefabAsset: {fileID: 0}
  m_GameObject: {fileID: 8864930112647594334}
  m_LocalRotation: {x: -0, y: -0, z: -0, w: 1}
  m_LocalPosition: {x: 0, y: 0, z: 0}
  m_LocalScale: {x: 1, y: 1, z: 1}
  m_ConstrainProportionsScale: 0
  m_Children:
  - {fileID: 6271838838497659239}
  - {fileID: 272911598263208251}
  - {fileID: 4468232356505670078}
  - {fileID: 224609562}
  m_Father: {fileID: 4663911242100009374}
  m_RootOrder: 3
  m_LocalEulerAnglesHint: {x: 0, y: 0, z: 0}
  m_AnchorMin: {x: 0, y: 0}
  m_AnchorMax: {x: 1, y: 1}
  m_AnchoredPosition: {x: 0, y: 0}
  m_SizeDelta: {x: 0, y: 0}
  m_Pivot: {x: 0.5, y: 0.5}
--- !u!222 &8864930112647594333
CanvasRenderer:
  m_ObjectHideFlags: 0
  m_CorrespondingSourceObject: {fileID: 0}
  m_PrefabInstance: {fileID: 0}
  m_PrefabAsset: {fileID: 0}
  m_GameObject: {fileID: 8864930112647594334}
  m_CullTransparentMesh: 1
--- !u!1001 &2337943218778474091
PrefabInstance:
  m_ObjectHideFlags: 0
  serializedVersion: 2
  m_Modification:
    m_TransformParent: {fileID: 8864930112647594335}
    m_Modifications:
    - target: {fileID: 235407811808595914, guid: b4dd5452de1cb01458a05f3a073f2637, type: 3}
      propertyPath: m_Bounds.m_Center.x
      value: -0.01664704
      objectReference: {fileID: 0}
    - target: {fileID: 358144687531384024, guid: b4dd5452de1cb01458a05f3a073f2637, type: 3}
      propertyPath: m_labelHash
      value: 4.7906882e-14
      objectReference: {fileID: 0}
    - target: {fileID: 568100082348678497, guid: b4dd5452de1cb01458a05f3a073f2637, type: 3}
      propertyPath: m_Size.x
      value: 1.2
      objectReference: {fileID: 0}
    - target: {fileID: 568100082348678497, guid: b4dd5452de1cb01458a05f3a073f2637, type: 3}
      propertyPath: m_Size.y
      value: 0.21
      objectReference: {fileID: 0}
    - target: {fileID: 601963700483259988, guid: b4dd5452de1cb01458a05f3a073f2637, type: 3}
      propertyPath: m_Bounds.m_Center.x
      value: -0.025994837
      objectReference: {fileID: 0}
    - target: {fileID: 601963700483259988, guid: b4dd5452de1cb01458a05f3a073f2637, type: 3}
      propertyPath: m_Bounds.m_Center.y
      value: -0.0020917654
      objectReference: {fileID: 0}
    - target: {fileID: 601963700483259988, guid: b4dd5452de1cb01458a05f3a073f2637, type: 3}
      propertyPath: m_Bounds.m_Extent.y
      value: 0.40096205
      objectReference: {fileID: 0}
    - target: {fileID: 658966814494295419, guid: b4dd5452de1cb01458a05f3a073f2637, type: 3}
      propertyPath: m_Size.x
      value: 0.53
      objectReference: {fileID: 0}
    - target: {fileID: 658966814494295419, guid: b4dd5452de1cb01458a05f3a073f2637, type: 3}
      propertyPath: m_Size.y
      value: 0.86
      objectReference: {fileID: 0}
    - target: {fileID: 665241111594643122, guid: b4dd5452de1cb01458a05f3a073f2637, type: 3}
      propertyPath: m_LocalRotation.w
      value: 0.82494915
      objectReference: {fileID: 0}
    - target: {fileID: 665241111594643122, guid: b4dd5452de1cb01458a05f3a073f2637, type: 3}
      propertyPath: m_LocalRotation.z
      value: 0.565207
      objectReference: {fileID: 0}
    - target: {fileID: 971200265678335135, guid: b4dd5452de1cb01458a05f3a073f2637, type: 3}
      propertyPath: m_labelHash
      value: 1.7606275e-17
      objectReference: {fileID: 0}
    - target: {fileID: 1057352115932290874, guid: b4dd5452de1cb01458a05f3a073f2637, type: 3}
      propertyPath: m_Bounds.m_Center.x
      value: -0.0011146963
      objectReference: {fileID: 0}
    - target: {fileID: 1057352115932290874, guid: b4dd5452de1cb01458a05f3a073f2637, type: 3}
      propertyPath: m_Bounds.m_Center.y
      value: 0.000045239925
      objectReference: {fileID: 0}
    - target: {fileID: 1057352115932290874, guid: b4dd5452de1cb01458a05f3a073f2637, type: 3}
      propertyPath: m_Bounds.m_Extent.x
      value: 0.31388482
      objectReference: {fileID: 0}
    - target: {fileID: 1057352115932290874, guid: b4dd5452de1cb01458a05f3a073f2637, type: 3}
      propertyPath: m_Bounds.m_Extent.y
      value: 0.36171502
      objectReference: {fileID: 0}
    - target: {fileID: 1078780359808559369, guid: b4dd5452de1cb01458a05f3a073f2637, type: 3}
      propertyPath: m_LocalRotation.w
      value: 0.9939168
      objectReference: {fileID: 0}
    - target: {fileID: 1078780359808559369, guid: b4dd5452de1cb01458a05f3a073f2637, type: 3}
      propertyPath: m_LocalRotation.z
      value: 0.11013396
      objectReference: {fileID: 0}
    - target: {fileID: 1365966352398232367, guid: b4dd5452de1cb01458a05f3a073f2637, type: 3}
      propertyPath: m_Bounds.m_Center.x
      value: 0.00044685602
      objectReference: {fileID: 0}
    - target: {fileID: 1365966352398232367, guid: b4dd5452de1cb01458a05f3a073f2637, type: 3}
      propertyPath: m_Bounds.m_Center.y
      value: 0.0005750209
      objectReference: {fileID: 0}
    - target: {fileID: 1441682988027136639, guid: b4dd5452de1cb01458a05f3a073f2637, type: 3}
      propertyPath: m_Bounds.m_Center.y
      value: 0.0000019073486
      objectReference: {fileID: 0}
    - target: {fileID: 1609446236617808149, guid: b4dd5452de1cb01458a05f3a073f2637, type: 3}
      propertyPath: m_Bounds.m_Center.x
      value: 0.00064492226
      objectReference: {fileID: 0}
    - target: {fileID: 1609446236617808149, guid: b4dd5452de1cb01458a05f3a073f2637, type: 3}
      propertyPath: m_Bounds.m_Center.y
      value: -0.0013049841
      objectReference: {fileID: 0}
    - target: {fileID: 1612479412292225759, guid: b4dd5452de1cb01458a05f3a073f2637, type: 3}
      propertyPath: m_Bounds.m_Center.x
      value: -0.00028009713
      objectReference: {fileID: 0}
    - target: {fileID: 1612479412292225759, guid: b4dd5452de1cb01458a05f3a073f2637, type: 3}
      propertyPath: m_Bounds.m_Center.y
      value: -0.0006956905
      objectReference: {fileID: 0}
    - target: {fileID: 1612479412292225759, guid: b4dd5452de1cb01458a05f3a073f2637, type: 3}
      propertyPath: m_Bounds.m_Extent.x
      value: 0.1329799
      objectReference: {fileID: 0}
    - target: {fileID: 1612479412292225759, guid: b4dd5452de1cb01458a05f3a073f2637, type: 3}
      propertyPath: m_Bounds.m_Extent.y
      value: 0.19898507
      objectReference: {fileID: 0}
    - target: {fileID: 1615258468262368872, guid: b4dd5452de1cb01458a05f3a073f2637, type: 3}
      propertyPath: m_labelHash
      value: 1.2050484e-12
      objectReference: {fileID: 0}
    - target: {fileID: 1656146670728083609, guid: b4dd5452de1cb01458a05f3a073f2637, type: 3}
      propertyPath: m_labelHash
      value: 4.7752373e-13
      objectReference: {fileID: 0}
    - target: {fileID: 1740962268376318699, guid: b4dd5452de1cb01458a05f3a073f2637, type: 3}
      propertyPath: m_Bounds.m_Center.y
      value: 0.0027552247
      objectReference: {fileID: 0}
    - target: {fileID: 1798578333843173768, guid: b4dd5452de1cb01458a05f3a073f2637, type: 3}
      propertyPath: m_Bounds.m_Center.y
      value: 0.00026977062
      objectReference: {fileID: 0}
    - target: {fileID: 1823111391259355619, guid: b4dd5452de1cb01458a05f3a073f2637, type: 3}
      propertyPath: m_Bounds.m_Center.x
      value: 0.48788524
      objectReference: {fileID: 0}
    - target: {fileID: 1823111391259355619, guid: b4dd5452de1cb01458a05f3a073f2637, type: 3}
      propertyPath: m_Bounds.m_Center.y
      value: -0.1614635
      objectReference: {fileID: 0}
    - target: {fileID: 1915495586461969286, guid: b4dd5452de1cb01458a05f3a073f2637, type: 3}
      propertyPath: m_labelHash
      value: 1.0917455e-20
      objectReference: {fileID: 0}
    - target: {fileID: 1961414117974847990, guid: b4dd5452de1cb01458a05f3a073f2637, type: 3}
      propertyPath: m_labelHash
      value: 6.461294e-14
      objectReference: {fileID: 0}
    - target: {fileID: 1994857450677744321, guid: b4dd5452de1cb01458a05f3a073f2637, type: 3}
      propertyPath: m_Bounds.m_Center.y
      value: -0.12516165
      objectReference: {fileID: 0}
    - target: {fileID: 2066612398337124799, guid: b4dd5452de1cb01458a05f3a073f2637, type: 3}
      propertyPath: m_Bounds.m_Center.x
      value: -0.0001848638
      objectReference: {fileID: 0}
    - target: {fileID: 2066612398337124799, guid: b4dd5452de1cb01458a05f3a073f2637, type: 3}
      propertyPath: m_Bounds.m_Center.y
      value: -0.0006400049
      objectReference: {fileID: 0}
    - target: {fileID: 2066612398337124799, guid: b4dd5452de1cb01458a05f3a073f2637, type: 3}
      propertyPath: m_Bounds.m_Extent.x
      value: 0.33758503
      objectReference: {fileID: 0}
    - target: {fileID: 2066612398337124799, guid: b4dd5452de1cb01458a05f3a073f2637, type: 3}
      propertyPath: m_Bounds.m_Extent.y
      value: 0.3064
      objectReference: {fileID: 0}
    - target: {fileID: 2152523281738791318, guid: b4dd5452de1cb01458a05f3a073f2637, type: 3}
      propertyPath: m_Bounds.m_Center.x
      value: 0.015155256
      objectReference: {fileID: 0}
    - target: {fileID: 2152523281738791318, guid: b4dd5452de1cb01458a05f3a073f2637, type: 3}
      propertyPath: m_Bounds.m_Center.y
      value: 0.0022998452
      objectReference: {fileID: 0}
    - target: {fileID: 2158202460549436695, guid: b4dd5452de1cb01458a05f3a073f2637, type: 3}
      propertyPath: m_Bounds.m_Center.y
      value: 0.008559644
      objectReference: {fileID: 0}
    - target: {fileID: 2197530218808377278, guid: b4dd5452de1cb01458a05f3a073f2637, type: 3}
      propertyPath: m_Bounds.m_Center.x
      value: -0.0020705462
      objectReference: {fileID: 0}
    - target: {fileID: 2197530218808377278, guid: b4dd5452de1cb01458a05f3a073f2637, type: 3}
      propertyPath: m_Bounds.m_Center.y
      value: 0.008419275
      objectReference: {fileID: 0}
    - target: {fileID: 2197530218808377278, guid: b4dd5452de1cb01458a05f3a073f2637, type: 3}
      propertyPath: m_Bounds.m_Extent.x
      value: 0.75834996
      objectReference: {fileID: 0}
    - target: {fileID: 2197530218808377278, guid: b4dd5452de1cb01458a05f3a073f2637, type: 3}
      propertyPath: m_Bounds.m_Extent.y
      value: 0.80658
      objectReference: {fileID: 0}
    - target: {fileID: 2205250374134980207, guid: b4dd5452de1cb01458a05f3a073f2637, type: 3}
      propertyPath: m_Bounds.m_Center.x
      value: -0.0035399497
      objectReference: {fileID: 0}
    - target: {fileID: 2205250374134980207, guid: b4dd5452de1cb01458a05f3a073f2637, type: 3}
      propertyPath: m_Bounds.m_Center.y
      value: -0.0049954057
      objectReference: {fileID: 0}
    - target: {fileID: 2205250374134980207, guid: b4dd5452de1cb01458a05f3a073f2637, type: 3}
      propertyPath: m_Bounds.m_Extent.x
      value: 0.3718001
      objectReference: {fileID: 0}
    - target: {fileID: 2205250374134980207, guid: b4dd5452de1cb01458a05f3a073f2637, type: 3}
      propertyPath: m_Bounds.m_Extent.y
      value: 0.33000517
      objectReference: {fileID: 0}
    - target: {fileID: 2264532656149392509, guid: b4dd5452de1cb01458a05f3a073f2637, type: 3}
      propertyPath: m_LocalRotation.w
      value: 0.99902844
      objectReference: {fileID: 0}
    - target: {fileID: 2264532656149392509, guid: b4dd5452de1cb01458a05f3a073f2637, type: 3}
      propertyPath: m_LocalRotation.z
      value: 0.044071123
      objectReference: {fileID: 0}
    - target: {fileID: 2293156189951519399, guid: b4dd5452de1cb01458a05f3a073f2637, type: 3}
      propertyPath: m_Bounds.m_Center.y
      value: -0.00047689676
      objectReference: {fileID: 0}
    - target: {fileID: 2380261138145134178, guid: b4dd5452de1cb01458a05f3a073f2637, type: 3}
      propertyPath: m_Bounds.m_Center.x
      value: -0.0007098019
      objectReference: {fileID: 0}
    - target: {fileID: 2380261138145134178, guid: b4dd5452de1cb01458a05f3a073f2637, type: 3}
      propertyPath: m_Bounds.m_Center.y
      value: -0.00019070506
      objectReference: {fileID: 0}
    - target: {fileID: 2380261138145134178, guid: b4dd5452de1cb01458a05f3a073f2637, type: 3}
      propertyPath: m_Bounds.m_Extent.x
      value: 0.31428993
      objectReference: {fileID: 0}
    - target: {fileID: 2380261138145134178, guid: b4dd5452de1cb01458a05f3a073f2637, type: 3}
      propertyPath: m_Bounds.m_Extent.y
      value: 0.36034995
      objectReference: {fileID: 0}
    - target: {fileID: 2399065547952589476, guid: b4dd5452de1cb01458a05f3a073f2637, type: 3}
      propertyPath: m_Bounds.m_Center.x
      value: 0.0024390817
      objectReference: {fileID: 0}
    - target: {fileID: 2399065547952589476, guid: b4dd5452de1cb01458a05f3a073f2637, type: 3}
      propertyPath: m_Bounds.m_Center.y
      value: 0.0000019073486
      objectReference: {fileID: 0}
    - target: {fileID: 2444838302462797747, guid: b4dd5452de1cb01458a05f3a073f2637, type: 3}
      propertyPath: m_Bounds.m_Center.x
      value: -0.0065846443
      objectReference: {fileID: 0}
    - target: {fileID: 2444838302462797747, guid: b4dd5452de1cb01458a05f3a073f2637, type: 3}
      propertyPath: m_Bounds.m_Center.y
      value: 0.0004696846
      objectReference: {fileID: 0}
    - target: {fileID: 2444838302462797747, guid: b4dd5452de1cb01458a05f3a073f2637, type: 3}
      propertyPath: m_Bounds.m_Extent.x
      value: 0.73341525
      objectReference: {fileID: 0}
    - target: {fileID: 2471827388910952859, guid: b4dd5452de1cb01458a05f3a073f2637, type: 3}
      propertyPath: m_Bounds.m_Center.x
      value: -0.00036489964
      objectReference: {fileID: 0}
    - target: {fileID: 2471827388910952859, guid: b4dd5452de1cb01458a05f3a073f2637, type: 3}
      propertyPath: m_Bounds.m_Center.y
      value: -0.0000009536743
      objectReference: {fileID: 0}
    - target: {fileID: 2471827388910952859, guid: b4dd5452de1cb01458a05f3a073f2637, type: 3}
      propertyPath: m_Bounds.m_Extent.x
      value: 1.0212849
      objectReference: {fileID: 0}
    - target: {fileID: 2471827388910952859, guid: b4dd5452de1cb01458a05f3a073f2637, type: 3}
      propertyPath: m_Bounds.m_Extent.y
      value: 0.87499994
      objectReference: {fileID: 0}
    - target: {fileID: 2530799508606081486, guid: b4dd5452de1cb01458a05f3a073f2637, type: 3}
      propertyPath: m_Bounds.m_Center.y
      value: -0.0013048649
      objectReference: {fileID: 0}
    - target: {fileID: 2539159832961708466, guid: b4dd5452de1cb01458a05f3a073f2637, type: 3}
      propertyPath: m_Bounds.m_Center.x
      value: -0.0007497966
      objectReference: {fileID: 0}
    - target: {fileID: 2539159832961708466, guid: b4dd5452de1cb01458a05f3a073f2637, type: 3}
      propertyPath: m_Bounds.m_Center.y
      value: 0.00063467026
      objectReference: {fileID: 0}
    - target: {fileID: 2539159832961708466, guid: b4dd5452de1cb01458a05f3a073f2637, type: 3}
      propertyPath: m_Bounds.m_Extent.x
      value: 0.28778976
      objectReference: {fileID: 0}
    - target: {fileID: 2539159832961708466, guid: b4dd5452de1cb01458a05f3a073f2637, type: 3}
      propertyPath: m_Bounds.m_Extent.y
      value: 0.25358444
      objectReference: {fileID: 0}
    - target: {fileID: 2567693110859817357, guid: b4dd5452de1cb01458a05f3a073f2637, type: 3}
      propertyPath: m_Bounds.m_Center.y
      value: -0.0016045198
      objectReference: {fileID: 0}
    - target: {fileID: 2753746761964085196, guid: b4dd5452de1cb01458a05f3a073f2637, type: 3}
      propertyPath: m_Bounds.m_Center.x
      value: -0.046538293
      objectReference: {fileID: 0}
    - target: {fileID: 2753746761964085196, guid: b4dd5452de1cb01458a05f3a073f2637, type: 3}
      propertyPath: m_Bounds.m_Center.y
      value: -0.020913571
      objectReference: {fileID: 0}
    - target: {fileID: 2753746761964085196, guid: b4dd5452de1cb01458a05f3a073f2637, type: 3}
      propertyPath: m_Bounds.m_Extent.x
      value: 0.56668836
      objectReference: {fileID: 0}
    - target: {fileID: 2753746761964085196, guid: b4dd5452de1cb01458a05f3a073f2637, type: 3}
      propertyPath: m_Bounds.m_Extent.y
      value: 0.48661134
      objectReference: {fileID: 0}
    - target: {fileID: 2863780584257645556, guid: b4dd5452de1cb01458a05f3a073f2637, type: 3}
      propertyPath: m_Bounds.m_Center.x
      value: 0.00044496357
      objectReference: {fileID: 0}
    - target: {fileID: 2863780584257645556, guid: b4dd5452de1cb01458a05f3a073f2637, type: 3}
      propertyPath: m_Bounds.m_Center.y
      value: 0.0005759746
      objectReference: {fileID: 0}
    - target: {fileID: 2962014625740312517, guid: b4dd5452de1cb01458a05f3a073f2637, type: 3}
      propertyPath: m_Bounds.m_Center.x
      value: 0.17449053
      objectReference: {fileID: 0}
    - target: {fileID: 2962014625740312517, guid: b4dd5452de1cb01458a05f3a073f2637, type: 3}
      propertyPath: m_Bounds.m_Center.y
      value: -0.14409113
      objectReference: {fileID: 0}
    - target: {fileID: 2962014625740312517, guid: b4dd5452de1cb01458a05f3a073f2637, type: 3}
      propertyPath: m_Bounds.m_Extent.x
      value: 0.25686496
      objectReference: {fileID: 0}
    - target: {fileID: 2962014625740312517, guid: b4dd5452de1cb01458a05f3a073f2637, type: 3}
      propertyPath: m_Bounds.m_Extent.y
      value: 0.16627762
      objectReference: {fileID: 0}
    - target: {fileID: 2969259464712085323, guid: b4dd5452de1cb01458a05f3a073f2637, type: 3}
      propertyPath: m_Bounds.m_Center.x
      value: -0.06846613
      objectReference: {fileID: 0}
    - target: {fileID: 3022566362546246354, guid: b4dd5452de1cb01458a05f3a073f2637, type: 3}
      propertyPath: m_Bounds.m_Center.x
      value: 0.00000047683716
      objectReference: {fileID: 0}
    - target: {fileID: 3022566362546246354, guid: b4dd5452de1cb01458a05f3a073f2637, type: 3}
      propertyPath: m_Bounds.m_Center.y
      value: -0.00024523586
      objectReference: {fileID: 0}
    - target: {fileID: 3022566362546246354, guid: b4dd5452de1cb01458a05f3a073f2637, type: 3}
      propertyPath: m_Bounds.m_Extent.x
      value: 0.16500002
      objectReference: {fileID: 0}
    - target: {fileID: 3022566362546246354, guid: b4dd5452de1cb01458a05f3a073f2637, type: 3}
      propertyPath: m_Bounds.m_Extent.y
      value: 0.069665015
      objectReference: {fileID: 0}
    - target: {fileID: 3028039034818875605, guid: b4dd5452de1cb01458a05f3a073f2637, type: 3}
      propertyPath: m_LocalRotation.w
      value: 0.9972563
      objectReference: {fileID: 0}
    - target: {fileID: 3028039034818875605, guid: b4dd5452de1cb01458a05f3a073f2637, type: 3}
      propertyPath: m_LocalRotation.z
      value: -0.07402633
      objectReference: {fileID: 0}
    - target: {fileID: 3068161096850444294, guid: b4dd5452de1cb01458a05f3a073f2637, type: 3}
      propertyPath: m_Bounds.m_Center.x
      value: 0.029239058
      objectReference: {fileID: 0}
    - target: {fileID: 3068161096850444294, guid: b4dd5452de1cb01458a05f3a073f2637, type: 3}
      propertyPath: m_Bounds.m_Center.y
      value: 0.026214115
      objectReference: {fileID: 0}
    - target: {fileID: 3068161096850444294, guid: b4dd5452de1cb01458a05f3a073f2637, type: 3}
      propertyPath: m_Bounds.m_Extent.y
      value: 0.11047408
      objectReference: {fileID: 0}
    - target: {fileID: 3069272458403981948, guid: b4dd5452de1cb01458a05f3a073f2637, type: 3}
      propertyPath: m_Bounds.m_Center.x
      value: -0.0021431744
      objectReference: {fileID: 0}
    - target: {fileID: 3069272458403981948, guid: b4dd5452de1cb01458a05f3a073f2637, type: 3}
      propertyPath: m_Bounds.m_Center.y
      value: -0.00047695637
      objectReference: {fileID: 0}
    - target: {fileID: 3145599038778843386, guid: b4dd5452de1cb01458a05f3a073f2637, type: 3}
      propertyPath: m_Bounds.m_Center.x
      value: -0.073471054
      objectReference: {fileID: 0}
    - target: {fileID: 3145599038778843386, guid: b4dd5452de1cb01458a05f3a073f2637, type: 3}
      propertyPath: m_Bounds.m_Center.y
      value: 0.12250643
      objectReference: {fileID: 0}
    - target: {fileID: 3270723390535533104, guid: b4dd5452de1cb01458a05f3a073f2637, type: 3}
      propertyPath: m_Bounds.m_Center.x
      value: 0.0000859499
      objectReference: {fileID: 0}
    - target: {fileID: 3270723390535533104, guid: b4dd5452de1cb01458a05f3a073f2637, type: 3}
      propertyPath: m_Bounds.m_Center.y
      value: 0.0027552247
      objectReference: {fileID: 0}
    - target: {fileID: 3296361263192142163, guid: b4dd5452de1cb01458a05f3a073f2637, type: 3}
      propertyPath: m_Bounds.m_Center.x
      value: -0.00018492341
      objectReference: {fileID: 0}
    - target: {fileID: 3296361263192142163, guid: b4dd5452de1cb01458a05f3a073f2637, type: 3}
      propertyPath: m_Bounds.m_Center.y
      value: 0.00026977062
      objectReference: {fileID: 0}
    - target: {fileID: 3372571316975117830, guid: b4dd5452de1cb01458a05f3a073f2637, type: 3}
      propertyPath: m_Bounds.m_Center.x
      value: 0.7509325
      objectReference: {fileID: 0}
    - target: {fileID: 3460116680240548714, guid: b4dd5452de1cb01458a05f3a073f2637, type: 3}
      propertyPath: m_Bounds.m_Center.x
      value: -0.047399074
      objectReference: {fileID: 0}
    - target: {fileID: 3460116680240548714, guid: b4dd5452de1cb01458a05f3a073f2637, type: 3}
      propertyPath: m_Bounds.m_Center.y
      value: 0.07179201
      objectReference: {fileID: 0}
    - target: {fileID: 3537429280741528004, guid: b4dd5452de1cb01458a05f3a073f2637, type: 3}
      propertyPath: m_labelHash
      value: 1.7606275e-17
      objectReference: {fileID: 0}
    - target: {fileID: 3548420106679011127, guid: b4dd5452de1cb01458a05f3a073f2637, type: 3}
      propertyPath: m_Bounds.m_Center.x
      value: 0.00090017915
      objectReference: {fileID: 0}
    - target: {fileID: 3548420106679011127, guid: b4dd5452de1cb01458a05f3a073f2637, type: 3}
      propertyPath: m_Bounds.m_Center.y
      value: 0.0009101331
      objectReference: {fileID: 0}
    - target: {fileID: 3548420106679011127, guid: b4dd5452de1cb01458a05f3a073f2637, type: 3}
      propertyPath: m_Bounds.m_Extent.x
      value: 0.28682998
      objectReference: {fileID: 0}
    - target: {fileID: 3548420106679011127, guid: b4dd5452de1cb01458a05f3a073f2637, type: 3}
      propertyPath: m_Bounds.m_Extent.y
      value: 0.29408956
      objectReference: {fileID: 0}
    - target: {fileID: 3730081545713275490, guid: b4dd5452de1cb01458a05f3a073f2637, type: 3}
      propertyPath: m_Bounds.m_Center.x
      value: -0.030698642
      objectReference: {fileID: 0}
    - target: {fileID: 3957962563084882587, guid: b4dd5452de1cb01458a05f3a073f2637, type: 3}
      propertyPath: m_labelHash
      value: 9.78166e-24
      objectReference: {fileID: 0}
    - target: {fileID: 4110220566767029197, guid: b4dd5452de1cb01458a05f3a073f2637, type: 3}
      propertyPath: m_labelHash
      value: 0.013511512
      objectReference: {fileID: 0}
    - target: {fileID: 4389763140974054878, guid: b4dd5452de1cb01458a05f3a073f2637, type: 3}
      propertyPath: m_Bounds.m_Center.y
      value: -0.76031566
      objectReference: {fileID: 0}
    - target: {fileID: 4402271477771795534, guid: b4dd5452de1cb01458a05f3a073f2637, type: 3}
      propertyPath: m_Bounds.m_Center.x
      value: -0.0004849434
      objectReference: {fileID: 0}
    - target: {fileID: 4402271477771795534, guid: b4dd5452de1cb01458a05f3a073f2637, type: 3}
      propertyPath: m_Bounds.m_Center.y
      value: 0
      objectReference: {fileID: 0}
    - target: {fileID: 4432639466013187495, guid: b4dd5452de1cb01458a05f3a073f2637, type: 3}
      propertyPath: m_labelHash
      value: 0.0932146
      objectReference: {fileID: 0}
    - target: {fileID: 4472331786221509864, guid: b4dd5452de1cb01458a05f3a073f2637, type: 3}
      propertyPath: m_Bounds.m_Center.x
      value: 0.060638472
      objectReference: {fileID: 0}
    - target: {fileID: 4472331786221509864, guid: b4dd5452de1cb01458a05f3a073f2637, type: 3}
      propertyPath: m_Bounds.m_Center.y
      value: 0.020303234
      objectReference: {fileID: 0}
    - target: {fileID: 4472331786221509864, guid: b4dd5452de1cb01458a05f3a073f2637, type: 3}
      propertyPath: m_Bounds.m_Extent.x
      value: 0.2256147
      objectReference: {fileID: 0}
    - target: {fileID: 4472331786221509864, guid: b4dd5452de1cb01458a05f3a073f2637, type: 3}
      propertyPath: m_Bounds.m_Extent.y
      value: 0.21976247
      objectReference: {fileID: 0}
    - target: {fileID: 4630159130760988667, guid: b4dd5452de1cb01458a05f3a073f2637, type: 3}
      propertyPath: m_labelHash
      value: 1.0917455e-20
      objectReference: {fileID: 0}
    - target: {fileID: 4639400949971463188, guid: b4dd5452de1cb01458a05f3a073f2637, type: 3}
      propertyPath: m_Bounds.m_Center.x
      value: 0.00025498867
      objectReference: {fileID: 0}
    - target: {fileID: 4639400949971463188, guid: b4dd5452de1cb01458a05f3a073f2637, type: 3}
      propertyPath: m_Bounds.m_Center.y
      value: -0.0013647676
      objectReference: {fileID: 0}
    - target: {fileID: 4639400949971463188, guid: b4dd5452de1cb01458a05f3a073f2637, type: 3}
      propertyPath: m_Bounds.m_Extent.x
      value: 0.50800514
      objectReference: {fileID: 0}
    - target: {fileID: 4639400949971463188, guid: b4dd5452de1cb01458a05f3a073f2637, type: 3}
      propertyPath: m_Bounds.m_Extent.y
      value: 0.5780951
      objectReference: {fileID: 0}
    - target: {fileID: 4679497698943344887, guid: b4dd5452de1cb01458a05f3a073f2637, type: 3}
      propertyPath: m_Bounds.m_Center.x
      value: 0.00011950731
      objectReference: {fileID: 0}
    - target: {fileID: 4679497698943344887, guid: b4dd5452de1cb01458a05f3a073f2637, type: 3}
      propertyPath: m_Bounds.m_Center.y
      value: 0.0018197298
      objectReference: {fileID: 0}
    - target: {fileID: 4679497698943344887, guid: b4dd5452de1cb01458a05f3a073f2637, type: 3}
      propertyPath: m_Bounds.m_Extent.x
      value: 0.73603994
      objectReference: {fileID: 0}
    - target: {fileID: 4679497698943344887, guid: b4dd5452de1cb01458a05f3a073f2637, type: 3}
      propertyPath: m_Bounds.m_Extent.y
      value: 0.7815399
      objectReference: {fileID: 0}
    - target: {fileID: 4709615106590504304, guid: b4dd5452de1cb01458a05f3a073f2637, type: 3}
      propertyPath: m_Bounds.m_Center.y
      value: -0.41769373
      objectReference: {fileID: 0}
    - target: {fileID: 4928303229430049798, guid: b4dd5452de1cb01458a05f3a073f2637, type: 3}
      propertyPath: m_Bounds.m_Center.x
      value: -0.02849622
      objectReference: {fileID: 0}
    - target: {fileID: 4928303229430049798, guid: b4dd5452de1cb01458a05f3a073f2637, type: 3}
      propertyPath: m_Bounds.m_Center.y
      value: 0.055004194
      objectReference: {fileID: 0}
    - target: {fileID: 5014422135022010772, guid: b4dd5452de1cb01458a05f3a073f2637, type: 3}
      propertyPath: m_Sprite
      value: 
      objectReference: {fileID: 2121750898613479704, guid: 33afe1b6a39aef543be091f0b822de2f, type: 3}
    - target: {fileID: 5110456061422633753, guid: b4dd5452de1cb01458a05f3a073f2637, type: 3}
      propertyPath: m_Bounds.m_Center.x
      value: -0.0006252229
      objectReference: {fileID: 0}
    - target: {fileID: 5110456061422633753, guid: b4dd5452de1cb01458a05f3a073f2637, type: 3}
      propertyPath: m_Bounds.m_Center.y
      value: -0.00043952465
      objectReference: {fileID: 0}
    - target: {fileID: 5110456061422633753, guid: b4dd5452de1cb01458a05f3a073f2637, type: 3}
      propertyPath: m_Bounds.m_Extent.x
      value: 0.36018503
      objectReference: {fileID: 0}
    - target: {fileID: 5269046629796291179, guid: b4dd5452de1cb01458a05f3a073f2637, type: 3}
      propertyPath: m_Bounds.m_Center.x
      value: -0.012806922
      objectReference: {fileID: 0}
    - target: {fileID: 5269046629796291179, guid: b4dd5452de1cb01458a05f3a073f2637, type: 3}
      propertyPath: m_Bounds.m_Center.y
      value: -0.0009766072
      objectReference: {fileID: 0}
    - target: {fileID: 5375101066088403136, guid: b4dd5452de1cb01458a05f3a073f2637, type: 3}
      propertyPath: m_labelHash
      value: 1.48488235e-33
      objectReference: {fileID: 0}
    - target: {fileID: 5651997915062139229, guid: b4dd5452de1cb01458a05f3a073f2637, type: 3}
      propertyPath: m_labelHash
      value: 4.7752373e-13
      objectReference: {fileID: 0}
    - target: {fileID: 5661156236888827986, guid: b4dd5452de1cb01458a05f3a073f2637, type: 3}
      propertyPath: m_Size.x
      value: 0.52
      objectReference: {fileID: 0}
    - target: {fileID: 5661156236888827986, guid: b4dd5452de1cb01458a05f3a073f2637, type: 3}
      propertyPath: m_Size.y
      value: 0.33
      objectReference: {fileID: 0}
    - target: {fileID: 5738760091768264688, guid: b4dd5452de1cb01458a05f3a073f2637, type: 3}
      propertyPath: m_Bounds.m_Center.y
      value: 0.00049188733
      objectReference: {fileID: 0}
    - target: {fileID: 5883057134659281346, guid: b4dd5452de1cb01458a05f3a073f2637, type: 3}
      propertyPath: m_Bounds.m_Center.x
      value: 0
      objectReference: {fileID: 0}
    - target: {fileID: 6008050540151404127, guid: b4dd5452de1cb01458a05f3a073f2637, type: 3}
      propertyPath: m_Bounds.m_Center.x
      value: 0.694642
      objectReference: {fileID: 0}
    - target: {fileID: 6008050540151404127, guid: b4dd5452de1cb01458a05f3a073f2637, type: 3}
      propertyPath: m_Bounds.m_Center.y
      value: -0.26409286
      objectReference: {fileID: 0}
    - target: {fileID: 6143736855364012891, guid: b4dd5452de1cb01458a05f3a073f2637, type: 3}
      propertyPath: m_Bounds.m_Center.x
      value: -0.002852261
      objectReference: {fileID: 0}
    - target: {fileID: 6143736855364012891, guid: b4dd5452de1cb01458a05f3a073f2637, type: 3}
      propertyPath: m_Bounds.m_Center.y
      value: -0.009811431
      objectReference: {fileID: 0}
    - target: {fileID: 6143736855364012891, guid: b4dd5452de1cb01458a05f3a073f2637, type: 3}
      propertyPath: m_Bounds.m_Extent.x
      value: 0.10285191
      objectReference: {fileID: 0}
    - target: {fileID: 6143736855364012891, guid: b4dd5452de1cb01458a05f3a073f2637, type: 3}
      propertyPath: m_Bounds.m_Extent.y
      value: 0.14481163
      objectReference: {fileID: 0}
    - target: {fileID: 6255994785524033539, guid: b4dd5452de1cb01458a05f3a073f2637, type: 3}
      propertyPath: m_Bounds.m_Center.x
      value: 0.69037175
      objectReference: {fileID: 0}
    - target: {fileID: 6255994785524033539, guid: b4dd5452de1cb01458a05f3a073f2637, type: 3}
      propertyPath: m_Bounds.m_Center.y
      value: -0.24711436
      objectReference: {fileID: 0}
    - target: {fileID: 6300080432518112050, guid: b4dd5452de1cb01458a05f3a073f2637, type: 3}
      propertyPath: m_Bounds.m_Center.x
      value: -0.0014697909
      objectReference: {fileID: 0}
    - target: {fileID: 6300080432518112050, guid: b4dd5452de1cb01458a05f3a073f2637, type: 3}
      propertyPath: m_Bounds.m_Center.y
      value: -0.00014406443
      objectReference: {fileID: 0}
    - target: {fileID: 6300080432518112050, guid: b4dd5452de1cb01458a05f3a073f2637, type: 3}
      propertyPath: m_Bounds.m_Extent.x
      value: 0.6880199
      objectReference: {fileID: 0}
    - target: {fileID: 6300080432518112050, guid: b4dd5452de1cb01458a05f3a073f2637, type: 3}
      propertyPath: m_Bounds.m_Extent.y
      value: 0.5067849
      objectReference: {fileID: 0}
    - target: {fileID: 6351914395242340795, guid: b4dd5452de1cb01458a05f3a073f2637, type: 3}
      propertyPath: m_Bounds.m_Center.y
      value: 0.002204895
      objectReference: {fileID: 0}
    - target: {fileID: 6509668854889188768, guid: b4dd5452de1cb01458a05f3a073f2637, type: 3}
      propertyPath: m_LocalRotation.w
      value: 0.7659728
      objectReference: {fileID: 0}
    - target: {fileID: 6509668854889188768, guid: b4dd5452de1cb01458a05f3a073f2637, type: 3}
      propertyPath: m_LocalRotation.z
      value: -0.6428731
      objectReference: {fileID: 0}
    - target: {fileID: 6608652066549745338, guid: b4dd5452de1cb01458a05f3a073f2637, type: 3}
      propertyPath: m_Bounds.m_Center.x
      value: -0.004034996
      objectReference: {fileID: 0}
    - target: {fileID: 6641821660576767372, guid: b4dd5452de1cb01458a05f3a073f2637, type: 3}
      propertyPath: m_Bounds.m_Center.x
      value: 0.097257376
      objectReference: {fileID: 0}
    - target: {fileID: 6641821660576767372, guid: b4dd5452de1cb01458a05f3a073f2637, type: 3}
      propertyPath: m_Bounds.m_Center.y
      value: 0.022828966
      objectReference: {fileID: 0}
    - target: {fileID: 6641821660576767372, guid: b4dd5452de1cb01458a05f3a073f2637, type: 3}
      propertyPath: m_Bounds.m_Extent.y
      value: 0.4219915
      objectReference: {fileID: 0}
    - target: {fileID: 6674366818450776397, guid: b4dd5452de1cb01458a05f3a073f2637, type: 3}
      propertyPath: m_Bounds.m_Center.y
      value: 0.0013030767
      objectReference: {fileID: 0}
    - target: {fileID: 6722102526003763096, guid: b4dd5452de1cb01458a05f3a073f2637, type: 3}
      propertyPath: m_Bounds.m_Center.x
      value: 0.6842153
      objectReference: {fileID: 0}
    - target: {fileID: 6731401541313701912, guid: b4dd5452de1cb01458a05f3a073f2637, type: 3}
      propertyPath: m_Bounds.m_Center.x
      value: 0.046479136
      objectReference: {fileID: 0}
    - target: {fileID: 6731401541313701912, guid: b4dd5452de1cb01458a05f3a073f2637, type: 3}
      propertyPath: m_Bounds.m_Center.y
      value: 0.032444477
      objectReference: {fileID: 0}
    - target: {fileID: 6731401541313701912, guid: b4dd5452de1cb01458a05f3a073f2637, type: 3}
      propertyPath: m_Bounds.m_Extent.x
      value: 0.4625328
      objectReference: {fileID: 0}
    - target: {fileID: 6731401541313701912, guid: b4dd5452de1cb01458a05f3a073f2637, type: 3}
      propertyPath: m_Bounds.m_Extent.y
      value: 0.5804472
      objectReference: {fileID: 0}
    - target: {fileID: 6975420576020765363, guid: b4dd5452de1cb01458a05f3a073f2637, type: 3}
      propertyPath: m_Bounds.m_Center.y
      value: -0.23958933
      objectReference: {fileID: 0}
    - target: {fileID: 7013319828553205302, guid: b4dd5452de1cb01458a05f3a073f2637, type: 3}
      propertyPath: m_Bounds.m_Center.y
      value: -0.15658581
      objectReference: {fileID: 0}
    - target: {fileID: 7124693152560923931, guid: b4dd5452de1cb01458a05f3a073f2637, type: 3}
      propertyPath: m_labelHash
      value: 4.0823676e-13
      objectReference: {fileID: 0}
    - target: {fileID: 7272753913989882137, guid: b4dd5452de1cb01458a05f3a073f2637, type: 3}
      propertyPath: m_Bounds.m_Center.x
      value: 0
      objectReference: {fileID: 0}
    - target: {fileID: 7272753913989882137, guid: b4dd5452de1cb01458a05f3a073f2637, type: 3}
      propertyPath: m_Bounds.m_Center.y
      value: 0.0016968548
      objectReference: {fileID: 0}
    - target: {fileID: 7408970581766111043, guid: b4dd5452de1cb01458a05f3a073f2637, type: 3}
      propertyPath: m_labelHash
      value: 1.2050484e-12
      objectReference: {fileID: 0}
    - target: {fileID: 7565093732068080447, guid: b4dd5452de1cb01458a05f3a073f2637, type: 3}
      propertyPath: m_Bounds.m_Center.x
      value: -0.0045548677
      objectReference: {fileID: 0}
    - target: {fileID: 7565093732068080447, guid: b4dd5452de1cb01458a05f3a073f2637, type: 3}
      propertyPath: m_Bounds.m_Center.y
      value: 0.0012550056
      objectReference: {fileID: 0}
    - target: {fileID: 7565093732068080447, guid: b4dd5452de1cb01458a05f3a073f2637, type: 3}
      propertyPath: m_Bounds.m_Extent.x
      value: 0.8504449
      objectReference: {fileID: 0}
    - target: {fileID: 7565093732068080447, guid: b4dd5452de1cb01458a05f3a073f2637, type: 3}
      propertyPath: m_Bounds.m_Extent.y
      value: 0.188745
      objectReference: {fileID: 0}
    - target: {fileID: 7621511251573831646, guid: b4dd5452de1cb01458a05f3a073f2637, type: 3}
      propertyPath: m_Bounds.m_Center.x
      value: 0.0028822422
      objectReference: {fileID: 0}
    - target: {fileID: 7621511251573831646, guid: b4dd5452de1cb01458a05f3a073f2637, type: 3}
      propertyPath: m_Bounds.m_Extent.x
      value: 0.46126246
      objectReference: {fileID: 0}
    - target: {fileID: 7688046580012800979, guid: b4dd5452de1cb01458a05f3a073f2637, type: 3}
      propertyPath: m_LocalRotation.w
      value: 0.9973126
      objectReference: {fileID: 0}
    - target: {fileID: 7688046580012800979, guid: b4dd5452de1cb01458a05f3a073f2637, type: 3}
      propertyPath: m_LocalRotation.z
      value: 0.07326457
      objectReference: {fileID: 0}
    - target: {fileID: 7696666549232374614, guid: b4dd5452de1cb01458a05f3a073f2637, type: 3}
      propertyPath: m_Bounds.m_Center.x
      value: -0.000035002828
      objectReference: {fileID: 0}
    - target: {fileID: 7696666549232374614, guid: b4dd5452de1cb01458a05f3a073f2637, type: 3}
      propertyPath: m_Bounds.m_Extent.x
      value: 0.15159503
      objectReference: {fileID: 0}
    - target: {fileID: 7696666549232374614, guid: b4dd5452de1cb01458a05f3a073f2637, type: 3}
      propertyPath: m_Bounds.m_Extent.y
      value: 0.074285015
      objectReference: {fileID: 0}
    - target: {fileID: 7802771052365712493, guid: b4dd5452de1cb01458a05f3a073f2637, type: 3}
      propertyPath: m_Bounds.m_Center.x
      value: 0.047419593
      objectReference: {fileID: 0}
    - target: {fileID: 7802771052365712493, guid: b4dd5452de1cb01458a05f3a073f2637, type: 3}
      propertyPath: m_Bounds.m_Center.y
      value: 0.019268513
      objectReference: {fileID: 0}
    - target: {fileID: 7802771052365712493, guid: b4dd5452de1cb01458a05f3a073f2637, type: 3}
      propertyPath: m_Bounds.m_Extent.y
      value: 0.22854006
      objectReference: {fileID: 0}
    - target: {fileID: 7884776075247444320, guid: b4dd5452de1cb01458a05f3a073f2637, type: 3}
      propertyPath: m_Bounds.m_Center.x
      value: -0.033405066
      objectReference: {fileID: 0}
    - target: {fileID: 8020191214453375797, guid: b4dd5452de1cb01458a05f3a073f2637, type: 3}
      propertyPath: m_Bounds.m_Center.x
      value: 0.6876831
      objectReference: {fileID: 0}
    - target: {fileID: 8024674654162331691, guid: b4dd5452de1cb01458a05f3a073f2637, type: 3}
      propertyPath: m_Bounds.m_Center.x
      value: -0.00024929643
      objectReference: {fileID: 0}
    - target: {fileID: 8024674654162331691, guid: b4dd5452de1cb01458a05f3a073f2637, type: 3}
      propertyPath: m_Bounds.m_Center.y
      value: -0.000869751
      objectReference: {fileID: 0}
    - target: {fileID: 8024674654162331691, guid: b4dd5452de1cb01458a05f3a073f2637, type: 3}
      propertyPath: m_Bounds.m_Extent.x
      value: 0.12971002
      objectReference: {fileID: 0}
    - target: {fileID: 8024674654162331691, guid: b4dd5452de1cb01458a05f3a073f2637, type: 3}
      propertyPath: m_Bounds.m_Extent.y
      value: 0.23294008
      objectReference: {fileID: 0}
    - target: {fileID: 8229392152143003891, guid: b4dd5452de1cb01458a05f3a073f2637, type: 3}
      propertyPath: m_LocalRotation.w
      value: 0.37740156
      objectReference: {fileID: 0}
    - target: {fileID: 8229392152143003891, guid: b4dd5452de1cb01458a05f3a073f2637, type: 3}
      propertyPath: m_LocalRotation.z
      value: -0.9260497
      objectReference: {fileID: 0}
    - target: {fileID: 8410779479762116926, guid: b4dd5452de1cb01458a05f3a073f2637, type: 3}
      propertyPath: m_Bounds.m_Center.x
      value: -0.01841706
      objectReference: {fileID: 0}
    - target: {fileID: 8410779479762116926, guid: b4dd5452de1cb01458a05f3a073f2637, type: 3}
      propertyPath: m_Bounds.m_Center.y
      value: 0.11291626
      objectReference: {fileID: 0}
    - target: {fileID: 8410779479762116926, guid: b4dd5452de1cb01458a05f3a073f2637, type: 3}
      propertyPath: m_Bounds.m_Extent.x
      value: 0.5582348
      objectReference: {fileID: 0}
    - target: {fileID: 8410779479762116926, guid: b4dd5452de1cb01458a05f3a073f2637, type: 3}
      propertyPath: m_Bounds.m_Extent.y
      value: 0.3731505
      objectReference: {fileID: 0}
    - target: {fileID: 8579812700159299619, guid: b4dd5452de1cb01458a05f3a073f2637, type: 3}
      propertyPath: m_Bounds.m_Center.x
      value: -0.0017154664
      objectReference: {fileID: 0}
    - target: {fileID: 8579812700159299619, guid: b4dd5452de1cb01458a05f3a073f2637, type: 3}
      propertyPath: m_Bounds.m_Center.y
      value: -0.001382798
      objectReference: {fileID: 0}
    - target: {fileID: 8579812700159299619, guid: b4dd5452de1cb01458a05f3a073f2637, type: 3}
      propertyPath: m_Bounds.m_Extent.x
      value: 0.22318852
      objectReference: {fileID: 0}
    - target: {fileID: 8579812700159299619, guid: b4dd5452de1cb01458a05f3a073f2637, type: 3}
      propertyPath: m_Bounds.m_Extent.y
      value: 0.2728183
      objectReference: {fileID: 0}
    - target: {fileID: 8608638151792381708, guid: b4dd5452de1cb01458a05f3a073f2637, type: 3}
      propertyPath: m_Pivot.x
      value: 0.5
      objectReference: {fileID: 0}
    - target: {fileID: 8608638151792381708, guid: b4dd5452de1cb01458a05f3a073f2637, type: 3}
      propertyPath: m_Pivot.y
      value: 0.5
      objectReference: {fileID: 0}
    - target: {fileID: 8608638151792381708, guid: b4dd5452de1cb01458a05f3a073f2637, type: 3}
      propertyPath: m_RootOrder
      value: 0
      objectReference: {fileID: 0}
    - target: {fileID: 8608638151792381708, guid: b4dd5452de1cb01458a05f3a073f2637, type: 3}
      propertyPath: m_AnchorMax.x
      value: 0.5
      objectReference: {fileID: 0}
    - target: {fileID: 8608638151792381708, guid: b4dd5452de1cb01458a05f3a073f2637, type: 3}
      propertyPath: m_AnchorMax.y
      value: 0.5
      objectReference: {fileID: 0}
    - target: {fileID: 8608638151792381708, guid: b4dd5452de1cb01458a05f3a073f2637, type: 3}
      propertyPath: m_AnchorMin.x
      value: 0.5
      objectReference: {fileID: 0}
    - target: {fileID: 8608638151792381708, guid: b4dd5452de1cb01458a05f3a073f2637, type: 3}
      propertyPath: m_AnchorMin.y
      value: 0.5
      objectReference: {fileID: 0}
    - target: {fileID: 8608638151792381708, guid: b4dd5452de1cb01458a05f3a073f2637, type: 3}
      propertyPath: m_SizeDelta.x
      value: 191
      objectReference: {fileID: 0}
    - target: {fileID: 8608638151792381708, guid: b4dd5452de1cb01458a05f3a073f2637, type: 3}
      propertyPath: m_SizeDelta.y
      value: 224
      objectReference: {fileID: 0}
    - target: {fileID: 8608638151792381708, guid: b4dd5452de1cb01458a05f3a073f2637, type: 3}
      propertyPath: m_LocalPosition.x
      value: 0
      objectReference: {fileID: 0}
    - target: {fileID: 8608638151792381708, guid: b4dd5452de1cb01458a05f3a073f2637, type: 3}
      propertyPath: m_LocalPosition.y
      value: 0
      objectReference: {fileID: 0}
    - target: {fileID: 8608638151792381708, guid: b4dd5452de1cb01458a05f3a073f2637, type: 3}
      propertyPath: m_LocalPosition.z
      value: 0
      objectReference: {fileID: 0}
    - target: {fileID: 8608638151792381708, guid: b4dd5452de1cb01458a05f3a073f2637, type: 3}
      propertyPath: m_LocalRotation.w
      value: 1
      objectReference: {fileID: 0}
    - target: {fileID: 8608638151792381708, guid: b4dd5452de1cb01458a05f3a073f2637, type: 3}
      propertyPath: m_LocalRotation.x
      value: 0
      objectReference: {fileID: 0}
    - target: {fileID: 8608638151792381708, guid: b4dd5452de1cb01458a05f3a073f2637, type: 3}
      propertyPath: m_LocalRotation.y
      value: 0
      objectReference: {fileID: 0}
    - target: {fileID: 8608638151792381708, guid: b4dd5452de1cb01458a05f3a073f2637, type: 3}
      propertyPath: m_LocalRotation.z
      value: 0
      objectReference: {fileID: 0}
    - target: {fileID: 8608638151792381708, guid: b4dd5452de1cb01458a05f3a073f2637, type: 3}
      propertyPath: m_AnchoredPosition.x
      value: 0
      objectReference: {fileID: 0}
    - target: {fileID: 8608638151792381708, guid: b4dd5452de1cb01458a05f3a073f2637, type: 3}
      propertyPath: m_AnchoredPosition.y
      value: -491
      objectReference: {fileID: 0}
    - target: {fileID: 8608638151792381708, guid: b4dd5452de1cb01458a05f3a073f2637, type: 3}
      propertyPath: m_LocalEulerAnglesHint.x
      value: 0
      objectReference: {fileID: 0}
    - target: {fileID: 8608638151792381708, guid: b4dd5452de1cb01458a05f3a073f2637, type: 3}
      propertyPath: m_LocalEulerAnglesHint.y
      value: 0
      objectReference: {fileID: 0}
    - target: {fileID: 8608638151792381708, guid: b4dd5452de1cb01458a05f3a073f2637, type: 3}
      propertyPath: m_LocalEulerAnglesHint.z
      value: 0
      objectReference: {fileID: 0}
    - target: {fileID: 8608638151792381711, guid: b4dd5452de1cb01458a05f3a073f2637, type: 3}
      propertyPath: m_Name
      value: jerry (1)
      objectReference: {fileID: 0}
    - target: {fileID: 8753029390771985172, guid: b4dd5452de1cb01458a05f3a073f2637, type: 3}
      propertyPath: m_Bounds.m_Center.x
      value: 0.0004746318
      objectReference: {fileID: 0}
    - target: {fileID: 8753029390771985172, guid: b4dd5452de1cb01458a05f3a073f2637, type: 3}
      propertyPath: m_Bounds.m_Center.y
      value: -0.0003193915
      objectReference: {fileID: 0}
    - target: {fileID: 8753029390771985172, guid: b4dd5452de1cb01458a05f3a073f2637, type: 3}
      propertyPath: m_Bounds.m_Extent.x
      value: 0.38852495
      objectReference: {fileID: 0}
    - target: {fileID: 8753029390771985172, guid: b4dd5452de1cb01458a05f3a073f2637, type: 3}
      propertyPath: m_Bounds.m_Extent.y
      value: 0.30218017
      objectReference: {fileID: 0}
    - target: {fileID: 8858291880929679147, guid: b4dd5452de1cb01458a05f3a073f2637, type: 3}
      propertyPath: m_Bounds.m_Center.y
      value: 0.00049188733
      objectReference: {fileID: 0}
    - target: {fileID: 8918937474527033445, guid: b4dd5452de1cb01458a05f3a073f2637, type: 3}
      propertyPath: m_labelHash
      value: 4.0823676e-13
      objectReference: {fileID: 0}
    - target: {fileID: 8936201729494166617, guid: b4dd5452de1cb01458a05f3a073f2637, type: 3}
      propertyPath: m_Size.x
      value: 1.19
      objectReference: {fileID: 0}
    - target: {fileID: 8936201729494166617, guid: b4dd5452de1cb01458a05f3a073f2637, type: 3}
      propertyPath: m_Size.y
      value: 0.9
      objectReference: {fileID: 0}
    - target: {fileID: 9014078068215859569, guid: b4dd5452de1cb01458a05f3a073f2637, type: 3}
      propertyPath: m_labelHash
      value: 1.48488235e-33
      objectReference: {fileID: 0}
    - target: {fileID: 9157054572594703190, guid: b4dd5452de1cb01458a05f3a073f2637, type: 3}
      propertyPath: m_Size.x
      value: 0.93
      objectReference: {fileID: 0}
    - target: {fileID: 9157054572594703190, guid: b4dd5452de1cb01458a05f3a073f2637, type: 3}
      propertyPath: m_Size.y
      value: 1.16
      objectReference: {fileID: 0}
    - target: {fileID: 9178924493581891834, guid: b4dd5452de1cb01458a05f3a073f2637, type: 3}
      propertyPath: m_Bounds.m_Center.x
      value: -0.0005347729
      objectReference: {fileID: 0}
    - target: {fileID: 9178924493581891834, guid: b4dd5452de1cb01458a05f3a073f2637, type: 3}
      propertyPath: m_Bounds.m_Center.y
      value: -0.0027849078
      objectReference: {fileID: 0}
    - target: {fileID: 9178924493581891834, guid: b4dd5452de1cb01458a05f3a073f2637, type: 3}
      propertyPath: m_Bounds.m_Extent.x
      value: 0.786795
      objectReference: {fileID: 0}
    - target: {fileID: 9178924493581891834, guid: b4dd5452de1cb01458a05f3a073f2637, type: 3}
      propertyPath: m_Bounds.m_Extent.y
      value: 0.89221495
      objectReference: {fileID: 0}
    - target: {fileID: 9219022341029934105, guid: b4dd5452de1cb01458a05f3a073f2637, type: 3}
      propertyPath: m_Bounds.m_Center.x
      value: -0.002490282
      objectReference: {fileID: 0}
    - target: {fileID: 9219022341029934105, guid: b4dd5452de1cb01458a05f3a073f2637, type: 3}
      propertyPath: m_Bounds.m_Center.y
      value: -0.0008097887
      objectReference: {fileID: 0}
    - target: {fileID: 9219022341029934105, guid: b4dd5452de1cb01458a05f3a073f2637, type: 3}
      propertyPath: m_Bounds.m_Extent.x
      value: 0.5725099
      objectReference: {fileID: 0}
    - target: {fileID: 9219022341029934105, guid: b4dd5452de1cb01458a05f3a073f2637, type: 3}
      propertyPath: m_Bounds.m_Extent.y
      value: 0.6359199
      objectReference: {fileID: 0}
    m_RemovedComponents: []
  m_SourcePrefab: {fileID: 100100000, guid: b4dd5452de1cb01458a05f3a073f2637, type: 3}
--- !u!61 &5044898911256055785 stripped
BoxCollider2D:
  m_CorrespondingSourceObject: {fileID: 7381714442213329282, guid: b4dd5452de1cb01458a05f3a073f2637, type: 3}
  m_PrefabInstance: {fileID: 2337943218778474091}
  m_PrefabAsset: {fileID: 0}
--- !u!224 &6271838838497659239 stripped
RectTransform:
  m_CorrespondingSourceObject: {fileID: 8608638151792381708, guid: b4dd5452de1cb01458a05f3a073f2637, type: 3}
  m_PrefabInstance: {fileID: 2337943218778474091}
  m_PrefabAsset: {fileID: 0}
--- !u!1001 &5966875128331322556
PrefabInstance:
  m_ObjectHideFlags: 0
  serializedVersion: 2
  m_Modification:
    m_TransformParent: {fileID: 8864930112647594335}
    m_Modifications:
    - target: {fileID: 7839853219309163777, guid: 514ec955e4447a146a4090b232c3eac1, type: 3}
      propertyPath: m_Name
      value: cheeseGroup (1)
      objectReference: {fileID: 0}
    - target: {fileID: 7839853219309163778, guid: 514ec955e4447a146a4090b232c3eac1, type: 3}
      propertyPath: m_Pivot.x
      value: 0.5
      objectReference: {fileID: 0}
    - target: {fileID: 7839853219309163778, guid: 514ec955e4447a146a4090b232c3eac1, type: 3}
      propertyPath: m_Pivot.y
      value: 0.5
      objectReference: {fileID: 0}
    - target: {fileID: 7839853219309163778, guid: 514ec955e4447a146a4090b232c3eac1, type: 3}
      propertyPath: m_RootOrder
      value: 2
      objectReference: {fileID: 0}
    - target: {fileID: 7839853219309163778, guid: 514ec955e4447a146a4090b232c3eac1, type: 3}
      propertyPath: m_AnchorMax.x
      value: 0.5
      objectReference: {fileID: 0}
    - target: {fileID: 7839853219309163778, guid: 514ec955e4447a146a4090b232c3eac1, type: 3}
      propertyPath: m_AnchorMax.y
      value: 0.5
      objectReference: {fileID: 0}
    - target: {fileID: 7839853219309163778, guid: 514ec955e4447a146a4090b232c3eac1, type: 3}
      propertyPath: m_AnchorMin.x
      value: 0.5
      objectReference: {fileID: 0}
    - target: {fileID: 7839853219309163778, guid: 514ec955e4447a146a4090b232c3eac1, type: 3}
      propertyPath: m_AnchorMin.y
      value: 0.5
      objectReference: {fileID: 0}
    - target: {fileID: 7839853219309163778, guid: 514ec955e4447a146a4090b232c3eac1, type: 3}
      propertyPath: m_SizeDelta.x
      value: 100
      objectReference: {fileID: 0}
    - target: {fileID: 7839853219309163778, guid: 514ec955e4447a146a4090b232c3eac1, type: 3}
      propertyPath: m_SizeDelta.y
      value: 100
      objectReference: {fileID: 0}
    - target: {fileID: 7839853219309163778, guid: 514ec955e4447a146a4090b232c3eac1, type: 3}
      propertyPath: m_LocalPosition.x
      value: 0
      objectReference: {fileID: 0}
    - target: {fileID: 7839853219309163778, guid: 514ec955e4447a146a4090b232c3eac1, type: 3}
      propertyPath: m_LocalPosition.y
      value: 0
      objectReference: {fileID: 0}
    - target: {fileID: 7839853219309163778, guid: 514ec955e4447a146a4090b232c3eac1, type: 3}
      propertyPath: m_LocalPosition.z
      value: 0
      objectReference: {fileID: 0}
    - target: {fileID: 7839853219309163778, guid: 514ec955e4447a146a4090b232c3eac1, type: 3}
      propertyPath: m_LocalRotation.w
      value: 1
      objectReference: {fileID: 0}
    - target: {fileID: 7839853219309163778, guid: 514ec955e4447a146a4090b232c3eac1, type: 3}
      propertyPath: m_LocalRotation.x
      value: 0
      objectReference: {fileID: 0}
    - target: {fileID: 7839853219309163778, guid: 514ec955e4447a146a4090b232c3eac1, type: 3}
      propertyPath: m_LocalRotation.y
      value: 0
      objectReference: {fileID: 0}
    - target: {fileID: 7839853219309163778, guid: 514ec955e4447a146a4090b232c3eac1, type: 3}
      propertyPath: m_LocalRotation.z
      value: 0
      objectReference: {fileID: 0}
    - target: {fileID: 7839853219309163778, guid: 514ec955e4447a146a4090b232c3eac1, type: 3}
      propertyPath: m_AnchoredPosition.x
      value: -45
      objectReference: {fileID: 0}
    - target: {fileID: 7839853219309163778, guid: 514ec955e4447a146a4090b232c3eac1, type: 3}
      propertyPath: m_AnchoredPosition.y
      value: -103
      objectReference: {fileID: 0}
    - target: {fileID: 7839853219309163778, guid: 514ec955e4447a146a4090b232c3eac1, type: 3}
      propertyPath: m_LocalEulerAnglesHint.x
      value: 0
      objectReference: {fileID: 0}
    - target: {fileID: 7839853219309163778, guid: 514ec955e4447a146a4090b232c3eac1, type: 3}
      propertyPath: m_LocalEulerAnglesHint.y
      value: 0
      objectReference: {fileID: 0}
    - target: {fileID: 7839853219309163778, guid: 514ec955e4447a146a4090b232c3eac1, type: 3}
      propertyPath: m_LocalEulerAnglesHint.z
      value: 0
      objectReference: {fileID: 0}
    m_RemovedComponents: []
  m_SourcePrefab: {fileID: 100100000, guid: 514ec955e4447a146a4090b232c3eac1, type: 3}
--- !u!224 &4468232356505670078 stripped
RectTransform:
  m_CorrespondingSourceObject: {fileID: 7839853219309163778, guid: 514ec955e4447a146a4090b232c3eac1, type: 3}
  m_PrefabInstance: {fileID: 5966875128331322556}
  m_PrefabAsset: {fileID: 0}
--- !u!1001 &7547767020955466524
PrefabInstance:
  m_ObjectHideFlags: 0
  serializedVersion: 2
  m_Modification:
    m_TransformParent: {fileID: 8864930112647594335}
    m_Modifications:
    - target: {fileID: 7743550034568114726, guid: 4d2b0b3e219cf1344b07135e4072854c, type: 3}
      propertyPath: m_Name
      value: mouseHouse
      objectReference: {fileID: 0}
    - target: {fileID: 7743550034568114727, guid: 4d2b0b3e219cf1344b07135e4072854c, type: 3}
      propertyPath: m_Pivot.x
      value: 0.5
      objectReference: {fileID: 0}
    - target: {fileID: 7743550034568114727, guid: 4d2b0b3e219cf1344b07135e4072854c, type: 3}
      propertyPath: m_Pivot.y
      value: 0.5
      objectReference: {fileID: 0}
    - target: {fileID: 7743550034568114727, guid: 4d2b0b3e219cf1344b07135e4072854c, type: 3}
      propertyPath: m_RootOrder
      value: 1
      objectReference: {fileID: 0}
    - target: {fileID: 7743550034568114727, guid: 4d2b0b3e219cf1344b07135e4072854c, type: 3}
      propertyPath: m_AnchorMax.x
      value: 0.5
      objectReference: {fileID: 0}
    - target: {fileID: 7743550034568114727, guid: 4d2b0b3e219cf1344b07135e4072854c, type: 3}
      propertyPath: m_AnchorMax.y
      value: 0.5
      objectReference: {fileID: 0}
    - target: {fileID: 7743550034568114727, guid: 4d2b0b3e219cf1344b07135e4072854c, type: 3}
      propertyPath: m_AnchorMin.x
      value: 0.5
      objectReference: {fileID: 0}
    - target: {fileID: 7743550034568114727, guid: 4d2b0b3e219cf1344b07135e4072854c, type: 3}
      propertyPath: m_AnchorMin.y
      value: 0.5
      objectReference: {fileID: 0}
    - target: {fileID: 7743550034568114727, guid: 4d2b0b3e219cf1344b07135e4072854c, type: 3}
      propertyPath: m_SizeDelta.x
      value: 210
      objectReference: {fileID: 0}
    - target: {fileID: 7743550034568114727, guid: 4d2b0b3e219cf1344b07135e4072854c, type: 3}
      propertyPath: m_SizeDelta.y
      value: 231
      objectReference: {fileID: 0}
    - target: {fileID: 7743550034568114727, guid: 4d2b0b3e219cf1344b07135e4072854c, type: 3}
      propertyPath: m_LocalPosition.x
      value: 0
      objectReference: {fileID: 0}
    - target: {fileID: 7743550034568114727, guid: 4d2b0b3e219cf1344b07135e4072854c, type: 3}
      propertyPath: m_LocalPosition.y
      value: 0
      objectReference: {fileID: 0}
    - target: {fileID: 7743550034568114727, guid: 4d2b0b3e219cf1344b07135e4072854c, type: 3}
      propertyPath: m_LocalPosition.z
      value: 0
      objectReference: {fileID: 0}
    - target: {fileID: 7743550034568114727, guid: 4d2b0b3e219cf1344b07135e4072854c, type: 3}
      propertyPath: m_LocalRotation.w
      value: 1
      objectReference: {fileID: 0}
    - target: {fileID: 7743550034568114727, guid: 4d2b0b3e219cf1344b07135e4072854c, type: 3}
      propertyPath: m_LocalRotation.x
      value: 0
      objectReference: {fileID: 0}
    - target: {fileID: 7743550034568114727, guid: 4d2b0b3e219cf1344b07135e4072854c, type: 3}
      propertyPath: m_LocalRotation.y
      value: 0
      objectReference: {fileID: 0}
    - target: {fileID: 7743550034568114727, guid: 4d2b0b3e219cf1344b07135e4072854c, type: 3}
      propertyPath: m_LocalRotation.z
      value: 0
      objectReference: {fileID: 0}
    - target: {fileID: 7743550034568114727, guid: 4d2b0b3e219cf1344b07135e4072854c, type: 3}
      propertyPath: m_AnchoredPosition.x
      value: 0
      objectReference: {fileID: 0}
    - target: {fileID: 7743550034568114727, guid: 4d2b0b3e219cf1344b07135e4072854c, type: 3}
      propertyPath: m_AnchoredPosition.y
      value: 577
      objectReference: {fileID: 0}
    - target: {fileID: 7743550034568114727, guid: 4d2b0b3e219cf1344b07135e4072854c, type: 3}
      propertyPath: m_LocalEulerAnglesHint.x
      value: 0
      objectReference: {fileID: 0}
    - target: {fileID: 7743550034568114727, guid: 4d2b0b3e219cf1344b07135e4072854c, type: 3}
      propertyPath: m_LocalEulerAnglesHint.y
      value: 0
      objectReference: {fileID: 0}
    - target: {fileID: 7743550034568114727, guid: 4d2b0b3e219cf1344b07135e4072854c, type: 3}
      propertyPath: m_LocalEulerAnglesHint.z
      value: 0
      objectReference: {fileID: 0}
    m_RemovedComponents: []
  m_SourcePrefab: {fileID: 100100000, guid: 4d2b0b3e219cf1344b07135e4072854c, type: 3}
--- !u!61 &272911598263208244 stripped
BoxCollider2D:
  m_CorrespondingSourceObject: {fileID: 7743550034568114728, guid: 4d2b0b3e219cf1344b07135e4072854c, type: 3}
  m_PrefabInstance: {fileID: 7547767020955466524}
  m_PrefabAsset: {fileID: 0}
--- !u!224 &272911598263208251 stripped
RectTransform:
  m_CorrespondingSourceObject: {fileID: 7743550034568114727, guid: 4d2b0b3e219cf1344b07135e4072854c, type: 3}
  m_PrefabInstance: {fileID: 7547767020955466524}
  m_PrefabAsset: {fileID: 0}
