%YAML 1.1
%TAG !u! tag:unity3d.com,2011:
--- !u!1 &7743550034568114726
GameObject:
  m_ObjectHideFlags: 0
  m_CorrespondingSourceObject: {fileID: 0}
  m_PrefabInstance: {fileID: 0}
  m_PrefabAsset: {fileID: 0}
  serializedVersion: 6
  m_Component:
  - component: {fileID: 7743550034568114727}
  - component: {fileID: 7743550034568114730}
  - component: {fileID: 7743550034568114728}
  - component: {fileID: 7743550034568114731}
  - component: {fileID: 5987239810621664482}
  m_Layer: 5
  m_Name: mouseHouse
  m_TagString: PlayerPlatform
  m_Icon: {fileID: 0}
  m_NavMeshLayer: 0
  m_StaticEditorFlags: 0
  m_IsActive: 1
--- !u!224 &7743550034568114727
RectTransform:
  m_ObjectHideFlags: 0
  m_CorrespondingSourceObject: {fileID: 0}
  m_PrefabInstance: {fileID: 0}
  m_PrefabAsset: {fileID: 0}
  m_GameObject: {fileID: 7743550034568114726}
  m_LocalRotation: {x: 0, y: 0, z: 0, w: 1}
  m_LocalPosition: {x: 0, y: 0, z: 0}
  m_LocalScale: {x: 1, y: 1, z: 1}
  m_ConstrainProportionsScale: 0
  m_Children:
  - {fileID: 3631524309182994851}
  - {fileID: 7554103032217350039}
  m_Father: {fileID: 0}
  m_RootOrder: 0
  m_LocalEulerAnglesHint: {x: 0, y: 0, z: 0}
  m_AnchorMin: {x: 0.5, y: 0.5}
  m_AnchorMax: {x: 0.5, y: 0.5}
  m_AnchoredPosition: {x: 265, y: -436}
  m_SizeDelta: {x: 210, y: 231}
  m_Pivot: {x: 0.5, y: 0.5}
--- !u!222 &7743550034568114730
CanvasRenderer:
  m_ObjectHideFlags: 0
  m_CorrespondingSourceObject: {fileID: 0}
  m_PrefabInstance: {fileID: 0}
  m_PrefabAsset: {fileID: 0}
  m_GameObject: {fileID: 7743550034568114726}
  m_CullTransparentMesh: 1
--- !u!61 &7743550034568114728
BoxCollider2D:
  m_ObjectHideFlags: 0
  m_CorrespondingSourceObject: {fileID: 0}
  m_PrefabInstance: {fileID: 0}
  m_PrefabAsset: {fileID: 0}
  m_GameObject: {fileID: 7743550034568114726}
  m_Enabled: 1
  m_Density: 1
  m_Material: {fileID: 0}
  m_IsTrigger: 1
  m_UsedByEffector: 0
  m_UsedByComposite: 0
  m_Offset: {x: -3.916336, y: 6.1556168}
  m_SpriteTilingProperty:
    border: {x: 0, y: 0, z: 0, w: 0}
    pivot: {x: 0, y: 0}
    oldSize: {x: 0, y: 0}
    newSize: {x: 0, y: 0}
    adaptiveTilingThreshold: 0
    drawMode: 0
    adaptiveTiling: 0
  m_AutoTiling: 0
  serializedVersion: 2
  m_Size: {x: 209.0343, y: 220.22115}
  m_EdgeRadius: 0
--- !u!114 &7743550034568114731
MonoBehaviour:
  m_ObjectHideFlags: 0
  m_CorrespondingSourceObject: {fileID: 0}
  m_PrefabInstance: {fileID: 0}
  m_PrefabAsset: {fileID: 0}
  m_GameObject: {fileID: 7743550034568114726}
  m_Enabled: 1
  m_EditorHideFlags: 0
  m_Script: {fileID: 11500000, guid: e4c4fe051c6d707479597de6e6a4b426, type: 3}
  m_Name: 
  m_EditorClassIdentifier: 
  InteractionType: 2
--- !u!114 &5987239810621664482
MonoBehaviour:
  m_ObjectHideFlags: 0
  m_CorrespondingSourceObject: {fileID: 0}
  m_PrefabInstance: {fileID: 0}
  m_PrefabAsset: {fileID: 0}
  m_GameObject: {fileID: 7743550034568114726}
  m_Enabled: 1
  m_EditorHideFlags: 0
  m_Script: {fileID: 11500000, guid: 608e8dc4f5c764244b12dd7222901f3e, type: 3}
  m_Name: 
  m_EditorClassIdentifier: 
  houseSkin: {fileID: 7835627912709471557}
--- !u!1001 &5940869637024569249
PrefabInstance:
  m_ObjectHideFlags: 0
  serializedVersion: 2
  m_Modification:
    m_TransformParent: {fileID: 7743550034568114727}
    m_Modifications:
    - target: {fileID: 269855224969002805, guid: 5137fc7cb6a187d4c8e9bba4e65fc482, type: 3}
      propertyPath: m_Bounds.m_Center.x
      value: -0.08281517
      objectReference: {fileID: 0}
    - target: {fileID: 269855224969002805, guid: 5137fc7cb6a187d4c8e9bba4e65fc482, type: 3}
      propertyPath: m_Bounds.m_Center.y
      value: 0.02070862
      objectReference: {fileID: 0}
    - target: {fileID: 320007605778401087, guid: 5137fc7cb6a187d4c8e9bba4e65fc482, type: 3}
      propertyPath: m_IsActive
      value: 0
      objectReference: {fileID: 0}
    - target: {fileID: 1434709066791955227, guid: 5137fc7cb6a187d4c8e9bba4e65fc482, type: 3}
      propertyPath: m_Bounds.m_Center.x
      value: 0.0000019073486
      objectReference: {fileID: 0}
    - target: {fileID: 1434709066791955227, guid: 5137fc7cb6a187d4c8e9bba4e65fc482, type: 3}
      propertyPath: m_Bounds.m_Center.y
      value: 0.00024598837
      objectReference: {fileID: 0}
    - target: {fileID: 1474500270564307186, guid: 5137fc7cb6a187d4c8e9bba4e65fc482, type: 3}
      propertyPath: m_RootOrder
      value: 2
      objectReference: {fileID: 0}
    - target: {fileID: 2044161909668214292, guid: 5137fc7cb6a187d4c8e9bba4e65fc482, type: 3}
      propertyPath: m_Bounds.m_Center.x
      value: 0.02769494
      objectReference: {fileID: 0}
    - target: {fileID: 2044161909668214292, guid: 5137fc7cb6a187d4c8e9bba4e65fc482, type: 3}
      propertyPath: m_Bounds.m_Center.y
      value: -0.034686685
      objectReference: {fileID: 0}
    - target: {fileID: 2311639133408576248, guid: 5137fc7cb6a187d4c8e9bba4e65fc482, type: 3}
      propertyPath: m_Bounds.m_Center.x
      value: -0.089999974
      objectReference: {fileID: 0}
    - target: {fileID: 2311639133408576248, guid: 5137fc7cb6a187d4c8e9bba4e65fc482, type: 3}
      propertyPath: m_Bounds.m_Center.y
      value: 0.0000009536743
      objectReference: {fileID: 0}
    - target: {fileID: 3678822499969056341, guid: 5137fc7cb6a187d4c8e9bba4e65fc482, type: 3}
      propertyPath: m_IsActive
      value: 1
      objectReference: {fileID: 0}
    - target: {fileID: 4187470789707740356, guid: 5137fc7cb6a187d4c8e9bba4e65fc482, type: 3}
      propertyPath: m_IsActive
      value: 1
      objectReference: {fileID: 0}
    - target: {fileID: 4608433679198505945, guid: 5137fc7cb6a187d4c8e9bba4e65fc482, type: 3}
      propertyPath: m_Bounds.m_Center.x
      value: -0.0013999939
      objectReference: {fileID: 0}
    - target: {fileID: 4881287393823830991, guid: 5137fc7cb6a187d4c8e9bba4e65fc482, type: 3}
      propertyPath: m_RootOrder
      value: 0
      objectReference: {fileID: 0}
    - target: {fileID: 4881287393823830991, guid: 5137fc7cb6a187d4c8e9bba4e65fc482, type: 3}
      propertyPath: m_LocalScale.x
      value: 42.11
      objectReference: {fileID: 0}
    - target: {fileID: 4881287393823830991, guid: 5137fc7cb6a187d4c8e9bba4e65fc482, type: 3}
      propertyPath: m_LocalScale.y
      value: 42.11
      objectReference: {fileID: 0}
    - target: {fileID: 4881287393823830991, guid: 5137fc7cb6a187d4c8e9bba4e65fc482, type: 3}
      propertyPath: m_LocalScale.z
      value: 42.11
      objectReference: {fileID: 0}
    - target: {fileID: 4881287393823830991, guid: 5137fc7cb6a187d4c8e9bba4e65fc482, type: 3}
      propertyPath: m_LocalPosition.x
      value: 0
      objectReference: {fileID: 0}
    - target: {fileID: 4881287393823830991, guid: 5137fc7cb6a187d4c8e9bba4e65fc482, type: 3}
      propertyPath: m_LocalPosition.y
      value: 0
      objectReference: {fileID: 0}
    - target: {fileID: 4881287393823830991, guid: 5137fc7cb6a187d4c8e9bba4e65fc482, type: 3}
      propertyPath: m_LocalPosition.z
      value: 0
      objectReference: {fileID: 0}
    - target: {fileID: 4881287393823830991, guid: 5137fc7cb6a187d4c8e9bba4e65fc482, type: 3}
      propertyPath: m_LocalRotation.w
      value: 1
      objectReference: {fileID: 0}
    - target: {fileID: 4881287393823830991, guid: 5137fc7cb6a187d4c8e9bba4e65fc482, type: 3}
      propertyPath: m_LocalRotation.x
      value: 0
      objectReference: {fileID: 0}
    - target: {fileID: 4881287393823830991, guid: 5137fc7cb6a187d4c8e9bba4e65fc482, type: 3}
      propertyPath: m_LocalRotation.y
      value: 0
      objectReference: {fileID: 0}
    - target: {fileID: 4881287393823830991, guid: 5137fc7cb6a187d4c8e9bba4e65fc482, type: 3}
      propertyPath: m_LocalRotation.z
      value: 0
      objectReference: {fileID: 0}
    - target: {fileID: 4881287393823830991, guid: 5137fc7cb6a187d4c8e9bba4e65fc482, type: 3}
      propertyPath: m_LocalEulerAnglesHint.x
      value: 0
      objectReference: {fileID: 0}
    - target: {fileID: 4881287393823830991, guid: 5137fc7cb6a187d4c8e9bba4e65fc482, type: 3}
      propertyPath: m_LocalEulerAnglesHint.y
      value: 0
      objectReference: {fileID: 0}
    - target: {fileID: 4881287393823830991, guid: 5137fc7cb6a187d4c8e9bba4e65fc482, type: 3}
      propertyPath: m_LocalEulerAnglesHint.z
      value: 0
      objectReference: {fileID: 0}
    - target: {fileID: 4883283198322868997, guid: 5137fc7cb6a187d4c8e9bba4e65fc482, type: 3}
      propertyPath: m_Bounds.m_Center.y
      value: -0.0064991713
      objectReference: {fileID: 0}
    - target: {fileID: 5749555381582804946, guid: 5137fc7cb6a187d4c8e9bba4e65fc482, type: 3}
      propertyPath: m_IsActive
      value: 0
      objectReference: {fileID: 0}
    - target: {fileID: 5884707597216732610, guid: 5137fc7cb6a187d4c8e9bba4e65fc482, type: 3}
      propertyPath: m_IsActive
      value: 1
      objectReference: {fileID: 0}
    - target: {fileID: 6222468741951334022, guid: 5137fc7cb6a187d4c8e9bba4e65fc482, type: 3}
      propertyPath: m_IsActive
      value: 1
      objectReference: {fileID: 0}
    - target: {fileID: 6275648235423807112, guid: 5137fc7cb6a187d4c8e9bba4e65fc482, type: 3}
      propertyPath: m_Bounds.m_Center.x
      value: 0.0007649064
      objectReference: {fileID: 0}
    - target: {fileID: 6275648235423807112, guid: 5137fc7cb6a187d4c8e9bba4e65fc482, type: 3}
      propertyPath: m_Bounds.m_Center.y
      value: 0.00056517124
      objectReference: {fileID: 0}
    - target: {fileID: 6924268394670493186, guid: 5137fc7cb6a187d4c8e9bba4e65fc482, type: 3}
      propertyPath: m_LocalScale.x
      value: 51.686455
      objectReference: {fileID: 0}
    - target: {fileID: 6924268394670493186, guid: 5137fc7cb6a187d4c8e9bba4e65fc482, type: 3}
      propertyPath: m_LocalScale.y
      value: 51.686455
      objectReference: {fileID: 0}
    - target: {fileID: 6924268394670493186, guid: 5137fc7cb6a187d4c8e9bba4e65fc482, type: 3}
      propertyPath: m_LocalScale.z
      value: 51.686455
      objectReference: {fileID: 0}
    - target: {fileID: 6924268394670493186, guid: 5137fc7cb6a187d4c8e9bba4e65fc482, type: 3}
      propertyPath: m_LocalPosition.x
      value: 29.5
      objectReference: {fileID: 0}
    - target: {fileID: 6924268394670493186, guid: 5137fc7cb6a187d4c8e9bba4e65fc482, type: 3}
      propertyPath: m_LocalPosition.y
      value: -0.7
      objectReference: {fileID: 0}
    - target: {fileID: 6948711576284282568, guid: 5137fc7cb6a187d4c8e9bba4e65fc482, type: 3}
      propertyPath: m_Bounds.m_Center.x
      value: -0.0011080503
      objectReference: {fileID: 0}
    - target: {fileID: 6948711576284282568, guid: 5137fc7cb6a187d4c8e9bba4e65fc482, type: 3}
      propertyPath: m_Bounds.m_Center.y
      value: -0.00000011920929
      objectReference: {fileID: 0}
    - target: {fileID: 7809424577147636255, guid: 5137fc7cb6a187d4c8e9bba4e65fc482, type: 3}
      propertyPath: m_Name
      value: Endhouse(Animated)
      objectReference: {fileID: 0}
    - target: {fileID: 8412078411782327109, guid: 5137fc7cb6a187d4c8e9bba4e65fc482, type: 3}
      propertyPath: m_Bounds.m_Center.y
      value: 0.0056648254
      objectReference: {fileID: 0}
    - target: {fileID: 8412078411782327109, guid: 5137fc7cb6a187d4c8e9bba4e65fc482, type: 3}
      propertyPath: m_Bounds.m_Extent.x
      value: 0.92048085
      objectReference: {fileID: 0}
    - target: {fileID: 8412078411782327109, guid: 5137fc7cb6a187d4c8e9bba4e65fc482, type: 3}
      propertyPath: m_Bounds.m_Extent.y
      value: 1.0938575
      objectReference: {fileID: 0}
    - target: {fileID: 8772840269827735466, guid: 5137fc7cb6a187d4c8e9bba4e65fc482, type: 3}
      propertyPath: m_IsActive
      value: 1
      objectReference: {fileID: 0}
    m_RemovedComponents: []
  m_SourcePrefab: {fileID: 100100000, guid: 5137fc7cb6a187d4c8e9bba4e65fc482, type: 3}
--- !u!4 &3631524309182994851 stripped
Transform:
  m_CorrespondingSourceObject: {fileID: 6924268394670493186, guid: 5137fc7cb6a187d4c8e9bba4e65fc482, type: 3}
  m_PrefabInstance: {fileID: 5940869637024569249}
  m_PrefabAsset: {fileID: 0}
--- !u!1001 &7327217154950487234
PrefabInstance:
  m_ObjectHideFlags: 0
  serializedVersion: 2
  m_Modification:
    m_TransformParent: {fileID: 7743550034568114727}
    m_Modifications:
    - target: {fileID: 653654423823065479, guid: ff902b318f430254eb771d30f2811c9a, type: 3}
      propertyPath: m_IsActive
      value: 0
      objectReference: {fileID: 0}
    - target: {fileID: 971107916893188948, guid: ff902b318f430254eb771d30f2811c9a, type: 3}
      propertyPath: m_Name
      value: End
      objectReference: {fileID: 0}
    - target: {fileID: 971107916893188949, guid: ff902b318f430254eb771d30f2811c9a, type: 3}
      propertyPath: m_RootOrder
      value: 1
      objectReference: {fileID: 0}
    - target: {fileID: 971107916893188949, guid: ff902b318f430254eb771d30f2811c9a, type: 3}
      propertyPath: m_LocalScale.x
      value: 62.08283
      objectReference: {fileID: 0}
    - target: {fileID: 971107916893188949, guid: ff902b318f430254eb771d30f2811c9a, type: 3}
      propertyPath: m_LocalScale.y
      value: 62.08283
      objectReference: {fileID: 0}
    - target: {fileID: 971107916893188949, guid: ff902b318f430254eb771d30f2811c9a, type: 3}
      propertyPath: m_LocalScale.z
      value: 62.08283
      objectReference: {fileID: 0}
    - target: {fileID: 971107916893188949, guid: ff902b318f430254eb771d30f2811c9a, type: 3}
      propertyPath: m_LocalPosition.x
      value: 33.568
      objectReference: {fileID: 0}
    - target: {fileID: 971107916893188949, guid: ff902b318f430254eb771d30f2811c9a, type: 3}
      propertyPath: m_LocalPosition.y
      value: -152.97
      objectReference: {fileID: 0}
    - target: {fileID: 971107916893188949, guid: ff902b318f430254eb771d30f2811c9a, type: 3}
      propertyPath: m_LocalPosition.z
      value: 0
      objectReference: {fileID: 0}
    - target: {fileID: 971107916893188949, guid: ff902b318f430254eb771d30f2811c9a, type: 3}
      propertyPath: m_LocalRotation.w
      value: 1
      objectReference: {fileID: 0}
    - target: {fileID: 971107916893188949, guid: ff902b318f430254eb771d30f2811c9a, type: 3}
      propertyPath: m_LocalRotation.x
      value: 0
      objectReference: {fileID: 0}
    - target: {fileID: 971107916893188949, guid: ff902b318f430254eb771d30f2811c9a, type: 3}
      propertyPath: m_LocalRotation.y
      value: 0
      objectReference: {fileID: 0}
    - target: {fileID: 971107916893188949, guid: ff902b318f430254eb771d30f2811c9a, type: 3}
      propertyPath: m_LocalRotation.z
      value: 0
      objectReference: {fileID: 0}
    - target: {fileID: 971107916893188949, guid: ff902b318f430254eb771d30f2811c9a, type: 3}
      propertyPath: m_LocalEulerAnglesHint.x
      value: 0
      objectReference: {fileID: 0}
    - target: {fileID: 971107916893188949, guid: ff902b318f430254eb771d30f2811c9a, type: 3}
      propertyPath: m_LocalEulerAnglesHint.y
      value: 0
      objectReference: {fileID: 0}
    - target: {fileID: 971107916893188949, guid: ff902b318f430254eb771d30f2811c9a, type: 3}
      propertyPath: m_LocalEulerAnglesHint.z
      value: 0
      objectReference: {fileID: 0}
    - target: {fileID: 2115884517818807734, guid: ff902b318f430254eb771d30f2811c9a, type: 3}
      propertyPath: m_Bounds.m_Center.x
      value: -0.45415384
      objectReference: {fileID: 0}
    - target: {fileID: 2115884517818807734, guid: ff902b318f430254eb771d30f2811c9a, type: 3}
      propertyPath: m_Bounds.m_Center.y
      value: 0.4339217
      objectReference: {fileID: 0}
    - target: {fileID: 2115884517818807734, guid: ff902b318f430254eb771d30f2811c9a, type: 3}
      propertyPath: m_Bounds.m_Extent.x
      value: 0.90869874
      objectReference: {fileID: 0}
    - target: {fileID: 2115884517818807734, guid: ff902b318f430254eb771d30f2811c9a, type: 3}
      propertyPath: m_Bounds.m_Extent.y
      value: 1.0477543
      objectReference: {fileID: 0}
    - target: {fileID: 2476206179436110168, guid: ff902b318f430254eb771d30f2811c9a, type: 3}
      propertyPath: m_Bounds.m_Center.x
      value: -0.00000011920929
      objectReference: {fileID: 0}
    - target: {fileID: 2476206179436110168, guid: ff902b318f430254eb771d30f2811c9a, type: 3}
      propertyPath: m_Bounds.m_Center.y
      value: -0.00000035762787
      objectReference: {fileID: 0}
    - target: {fileID: 4887242909735348991, guid: ff902b318f430254eb771d30f2811c9a, type: 3}
      propertyPath: m_Bounds.m_Center.x
      value: -0.48553258
      objectReference: {fileID: 0}
    - target: {fileID: 4887242909735348991, guid: ff902b318f430254eb771d30f2811c9a, type: 3}
      propertyPath: m_Bounds.m_Center.y
      value: -0.24566728
      objectReference: {fileID: 0}
    - target: {fileID: 4887242909735348991, guid: ff902b318f430254eb771d30f2811c9a, type: 3}
      propertyPath: m_Bounds.m_Extent.x
      value: 0.77849096
      objectReference: {fileID: 0}
    - target: {fileID: 4887242909735348991, guid: ff902b318f430254eb771d30f2811c9a, type: 3}
      propertyPath: m_Bounds.m_Extent.y
      value: 0.93290156
      objectReference: {fileID: 0}
    - target: {fileID: 5981259394492844667, guid: ff902b318f430254eb771d30f2811c9a, type: 3}
      propertyPath: m_Bounds.m_Center.x
      value: -0.0065508485
      objectReference: {fileID: 0}
    - target: {fileID: 5981259394492844667, guid: ff902b318f430254eb771d30f2811c9a, type: 3}
      propertyPath: m_Bounds.m_Center.y
      value: -0.19189653
      objectReference: {fileID: 0}
    - target: {fileID: 5981259394492844667, guid: ff902b318f430254eb771d30f2811c9a, type: 3}
      propertyPath: m_Bounds.m_Extent.y
      value: 0.3826628
      objectReference: {fileID: 0}
    - target: {fileID: 9214499488592196826, guid: ff902b318f430254eb771d30f2811c9a, type: 3}
      propertyPath: m_Bounds.m_Center.x
      value: -0.20517945
      objectReference: {fileID: 0}
    - target: {fileID: 9214499488592196826, guid: ff902b318f430254eb771d30f2811c9a, type: 3}
      propertyPath: m_Bounds.m_Center.y
      value: 0.024562478
      objectReference: {fileID: 0}
    - target: {fileID: 9214499488592196826, guid: ff902b318f430254eb771d30f2811c9a, type: 3}
      propertyPath: m_Bounds.m_Extent.x
      value: 1.2601383
      objectReference: {fileID: 0}
    - target: {fileID: 9214499488592196826, guid: ff902b318f430254eb771d30f2811c9a, type: 3}
      propertyPath: m_Bounds.m_Extent.y
      value: 1.3415973
      objectReference: {fileID: 0}
    m_RemovedComponents: []
  m_SourcePrefab: {fileID: 100100000, guid: ff902b318f430254eb771d30f2811c9a, type: 3}
--- !u!4 &7554103032217350039 stripped
Transform:
  m_CorrespondingSourceObject: {fileID: 971107916893188949, guid: ff902b318f430254eb771d30f2811c9a, type: 3}
  m_PrefabInstance: {fileID: 7327217154950487234}
  m_PrefabAsset: {fileID: 0}
--- !u!1 &7835627912709471557 stripped
GameObject:
  m_CorrespondingSourceObject: {fileID: 653654423823065479, guid: ff902b318f430254eb771d30f2811c9a, type: 3}
  m_PrefabInstance: {fileID: 7327217154950487234}
  m_PrefabAsset: {fileID: 0}
